4914 6782
2058 668 2141 730 53

337 871 592 934 famam
653 876 1049 954 aucupatur,
1109 866 1216 931 vel
1274 865 1389 930 ille
1450 871 1719 951 recepta
1765 867 2131 930 comuniter
2177 869 2435 931 veriora
2481 888 2620 931 esse
2666 890 2795 930 non
2840 867 3132 952 ignarus,
3180 865 3651 952 discipulorum
3694 868 3876 931 novi-

339 1005 510 1067 tatis
560 1003 1000 1067 studiosorum
1046 1021 1124 1064 ac
1170 999 1254 1062 ab
1302 998 1453 1062 aliis
1498 998 1747 1063 tradita
1806 999 2286 1064 fastidientium
2333 1002 2604 1065 auribus
2649 1002 2931 1065 inservit
2988 1004 3202 1086 iisque
3272 1000 3694 1065 admirationi
3738 1023 3877 1067 esse

339 1141 666 1221 satagens
719 1135 972 1219 largius
1027 1133 1339 1197 salarium
1388 1138 1634 1217 captat.
1726 1132 1972 1195 Videas
2015 1154 2206 1217 porro
2254 1155 2381 1196 non
2431 1135 2660 1218 paucis
2702 1134 2930 1199 latinae
2977 1135 3224 1220 linguae
3266 1135 3713 1219 ignorantiam
3759 1136 3876 1198 im-

340 1270 664 1353 posuisse,
708 1276 1007 1332 veterum
1051 1265 1657 1331 Iureconsultorum
1703 1274 1988 1329 mentem
2034 1288 2160 1329 non
2206 1268 2369 1330 satis
2414 1270 2752 1333 assecutis,
2841 1269 3090 1333 Videas
3135 1276 3204 1332 et
3246 1268 3610 1353 plaerosque
3658 1268 3878 1331 Philo·

342 1402 600 1486 sophiae
649 1402 1028 1487 cognitione
1077 1401 1431 1465 destitutos
1477 1422 1517 1462 a
1563 1400 1783 1484 pueris
1829 1399 1993 1462 nihil
2042 1399 2221 1462 aliud
2281 1423 2478 1484 quam
2524 1404 2955 1487 interpretum
3004 1403 3474 1466 commentaria
3519 1411 3875 1466 versantes,

346 1532 506 1606 Qua
544 1557 670 1598 11110
719 1535 823 1598 vel
854 1535 1134 1597 maxime
1181 1532 1355 1595 luris
1401 1532 1823 1595 candidatum
1869 1534 2263 1598 instructum
2311 1556 2449 1600 esse
2485 1536 2857 1621 oportebat,
2893 1545 2967 1600 ut
2997 1537 3162 1600 haut
3191 1538 3435 1600 iniuria
3465 1537 3733 1614 Baldus‚
3781 1537 3881 1598 vir

345 1669 462 1752 qui
512 1670 579 1731 in
625 1669 922 1733 feliciora
966 1676 1263 1753 tempora
1308 1666 1630 1730 incideret
1675 1667 1933 1751 dignus,
1980 1667 2494 1754 Philosophiam,
2542 1671 2872 1755 praecipue
2927 1670 3258 1748 moralem,
3303 1670 3559 1754 Legum
3603 1677 3880 1734 matrem

346 1808 417 1865 et
478 1804 746 1866 ianuam
803 1803 1182 1888 appellarit.
1284 1802 1481 1864 Proin
1544 1802 1698 1885 quid
1756 1808 1825 1864 et
1878 1810 2199 1885 quantum
2250 1804 2497 1867 referat
2557 1803 2788 1887 organi
2842 1805 2980 1867 sive
3034 1806 3453 1867 instrumenti
3511 1803 3704 1866 istius
3751 1824 3879 1887 quo

343 1934 684 1998 naturalis
739 1934 1024 1998 facultas
1076 1934 1142 1996 in
1202 1934 1525 1996 rationem
1580 1943 1649 1996 et
1703 1942 1913 1996 artem
1968 1941 2148 1998 recte
2209 1943 2276 1998 et
2331 1936 2557 1999 ordine
2616 1935 2693 1999 de
2747 1937 2944 2001 rebus
3001 1936 3357 2000 disserendi
3422 1936 3696 1999 redacta
3763 1942 3879 2015 est,

346 2089 552 2150 quam
586 2066 1003 2130 Dialecticen
1048 2074 1117 2129 et
1164 2065 1560 2129 Rhetoricen
1609 2067 1969 2151 appellant,
2015 2070 2322 2152 peritiam
2369 2070 2697 2148 habuisse,
2744 2071 3175 2155 complurium
3220 2071 3660 2154 interpretum
3707 2090 3878 2133 com-

342 2200 681 2264 mentaria
727 2201 889 2263 satis
921 2221 1243 2284 superque
1290 2198 1650 2262 declarant.
1718 2199 1978 2284 Itaque,
2028 2201 2252 2271 Basili.
2301 2225 2427 2265 non
2478 2203 2632 2287 quid
2679 2203 2874 2267 Iason
2919 2210 3037 2268 aut
3081 2204 3197 2268 alii
3228 2204 3535 2277 sentiant,
3580 2202 3694 2266 sed
3723 2202 3880 2286 quid

346 2332 458 2395 vel
510 2334 759 2417 apertis
790 2332 1392 2395 iureconsultorum
1440 2340 1733 2395 veterum
1779 2335 2105 2418 responsis
2150 2334 2486 2419 probetur,
2533 2336 2637 2400 vel
2682 2337 2924 2400 rationi
2959 2336 3280 2417 humanae,
3314 2356 3460 2420 quae
3490 2334 3878 2399 tantundem

344 2467 611 2530 roboris
655 2466 876 2546 habet,
925 2472 1433 2529 consentaneum
1480 2466 1567 2529 sit
1610 2465 1961 2550 spectabis.
2052 2467 2191 2530 Nec
2247 2468 2392 2551 quis
2451 2467 2711 2548 dixerit,
2768 2469 2869 2532 uti
2915 2467 3219 2531 solebant
3264 2467 3721 2551 Pythagorici,
3766 2467 3880 2531 sed
3965 2517 3970 2524 .

347 2599 513 2683 quid
565 2599 811 2662 dictum
867 2600 957 2662 sit
1015 2588 1252 2683 etqua
1297 2598 1554 2661 ratione
1601 2599 1920 2683 imprimis
1964 2599 2045 2662 ad
2091 2608 2577 2663 sacrosanctum
2623 2600 3064 2695 Evangelium
3103 2605 3422 2683 tanquam
3466 2600 3550 2663 ad
3593 2600 3879 2684 Lydium

344 2732 662 2818 lapidem,
707 2732 859 2795 dein
906 2754 1059 2796 vero
1104 2732 1185 2796 ad
1234 2731 1674 2816 Philosophiae
1720 2732 1938 2797 theses
1985 2732 2442 2818 expendemus.
2535 2731 2726 2805 Quod
2773 2735 2826 2796 si
2873 2733 3167 2797 fortassis
3211 2732 3627 2818 disciplinam
3670 2736 3879 2820 ipsam

348 2866 531 2930 Iuris
595 2866 1159 2930 subobscuriorem
1224 2873 1291 2930 et
1343 2865 1773 2930 difficiliorem
1837 2866 2050 2945 hodie,
2097 2866 2377 2929 maxime
2440 2866 2506 2928 in
2567 2870 2756 2929 tanto
2817 2866 3211 2950 scriptorum
3259 2864 3519 2949 pelag0,
3569 2868 3878 2947 001100110,

348 2998 733 3062 memineris
779 2998 1074 3061 difficilia
1122 3019 1259 3061 esse
1306 3018 1453 3082 quae
1499 2998 1793 3083 pulchra,
1859 3002 1945 3077 et,
2006 3001 2081 3061 stt
2126 2996 2513 3061 Aristotelis
2574 2998 2793 3062 verbis
2840 3004 3006 3078 utar,
3055 2997 3216 3079 περὶ
3259 2998 3334 3060 τὸ
3389 2998 3883 3083 χαλεπώτατον

350 3133 461 3195 ἀεὶ
509 3133 622 3196 καὶ
672 3133 914 3218 τέχνην
960 3132 1075 3196 καὶ
1119 3133 1370 3215 ἀρετήν
1415 3130 1608 3210 εἶναι,
1657 3140 1724 3195 01
1761 3130 2055 3194 1011010111
2103 3132 2319 3194 01111110
2364 3132 2649 3211 vincere,
2697 3132 2891 3193 immo
2943 3133 3058 3212 τήν
3102 3131 3498 3215 ἐπιμέλειαν
3549 3131 3690 3195 sive
3737 3131 3882 3195 dili-

352 3268 655 3351 gentiam
713 3267 1075 3349 ostendere,
1120 3267 1287 3330 nihil
1334 3289 1473 3331 esse
1515 3266 1799 3345 difficile,
1861 3265 2047 3328 cuius
2102 3264 2227 3328 sibi
2273 3265 2417 3349 ipsa
2461 3285 2658 3338 1110110,
2705 3262 2980 3326 authore
3027 3262 3302 3341 Seneca,
3347 3264 3739 3348 patientiam
3785 3264 3882 3327 in-

353 3401 619 3464 dixerit.
717 3400 797 3464 In
858 3401 1334 3486 posterioribus
1398 3401 1533 3465 tuis
1585 3401 1800 3464 literis
1854 3398 2064 3484 pridie
2122 3398 2182 3461 d.
2229 3397 2497 3462 Ioannis
2548 3397 2862 3482 baptistae
2917 3396 3160 3470 allatis,
3220 3418 3365 3460 cum
3419 3396 3657 3460 ardens
3712 3396 3880 3460 illud

351 3540 544 3595 tuum
590 3532 857 3597 videndi
901 3533 1171 3598 Italiam
1218 3539 1285 3598 et
1326 3533 1469 3597 illic
1515 3534 1742 3597 doctos
1786 3531 2097 3596 audiendi
2146 3530 3043 3623 desiderium0intellexerim,
3088 3551 3217 3593 non
3265 3530 3471 3606 obst0,
3514 3529 3609 3594 fili
3642 3530 3881 3595 charis-

353 3669 535 3740 sime,
580 3667 927 3752 quominus
968 3672 1124 3729 voto
1170 3670 1286 3729 tuo
1331 3665 1592 3730 abunde
1637 3664 1939 3745 satisfiat,
1986 3671 2054 3728 et
2100 3686 2294 3749 quam
2327 3663 2663 3749 plurimas,
2710 3663 2765 3725 si
2811 3661 2994 3743 veli8,
3043 3682 3189 3724 cum
3221 3661 3461 3726 Galliae
3494 3668 3634 3725 tum
3666 3661 3883 3726 Italiae

279 3808 283 3812 ’
357 3800 741 3864 academias
787 3797 1031 3878 videaS,
1079 3796 1228 3860 dum
1279 3795 1425 3860 coeli
1469 3797 1808 3881 gravitate
1840 3796 1949 3860 vel
1978 3795 2303 3860 bellorum
2335 3795 2831 3859 calamitatibus
2862 3817 2990 3858 non
3031 3795 3515 3880 prohibeamur.
3581 3795 3879 3881 Expecto

354 3935 420 3996 in
474 3933 643 3996 diem
689 3930 769 3994 D.
811 3928 1206 3992 Matthaeum
1253 3926 1666 4009 Gribaldum,
1732 3949 1813 3993 ex
1866 3951 1994 4013 quo
2048 3927 2126 3992 de
2171 3927 2368 3992 rebus
2412 3927 2673 3992 Italicis
2718 3926 2988 3992 edoctus
3055 3948 3293 4012 equum
3339 3927 3421 3992 ad
3466 3933 3535 3992 te
3580 3930 3881 4013 protinus

358 4067 641 4138 mittam,
690 4069 765 4126 ut
808 4063 934 4125 huc
980 4062 1248 4126 veniens
1280 4060 1555 4124 eundem
1588 4060 1694 4124 vel
1726 4061 2102 4142 Patavium,
2152 4061 2207 4124 si
2244 4062 2464 4125 omnia
2503 4060 2643 4124 illic
2674 4060 2861 4124 salva
2892 4081 3034 4125 esse
3064 4059 3478 4141 intellexerO,
3530 4062 3880 4143 comiteriS,

362 4198 468 4261 vel
529 4196 665 4259 alio
722 4196 1029 4274 mittaris,
1090 4200 1226 4272 aut,
1273 4193 1329 4257 si
1375 4215 1694 4277 nusquam
1751 4194 1890 4258 illic
1944 4200 2090 4258 tuto
2153 4194 2377 4276 liceat,
2424 4195 2799 4280 Tubingam
2845 4201 2995 4281 post
3038 4195 3237 4259 ferias
3282 4193 3531 4259 redeas.
3617 4193 3884 4259 Interea

360 4351 467 4393 res
511 4335 662 4392 tuas
709 4349 1060 4413 componas
1104 4328 1323 4407 velim,
1370 4328 1468 4391 ita
1513 4333 1753 4406 tamen,
1799 4347 1880 4390 ne
1929 4328 2272 4412 quisquam
2320 4327 2398 4391 de
2444 4327 2632 4391 abitu
2680 4332 2794 4391 tuo
2842 4329 3191 4412 quicquam
3234 4327 3621 4413 suspicetur,
3651 4329 3884 4392 tantis-

361 4483 482 4546 per
535 4461 707 4524 dum'
748 4481 986 4544 equum
1040 4459 1299 4522 misero·
1401 4457 1570 4521 Nam
1634 4459 1688 4521 si
1736 4458 1951 4522 isthuc
1997 4458 2332 4523 rediturus
2375 4481 2504 4521 non
2550 4461 2660 4541 010,
2705 4460 2984 4523 0011110111
3032 4459 3113 4523 011
3160 4465 3632 4544 praeceptorem
3676 4465 3882 4542 tuum,

364 4596 577 4657 virum
632 4595 951 4680 optimum
1011 4613 1087 4656 ac
1142 4592 1220 4655 de
1279 4591 1469 4655 nobis
1512 4591 1678 4655 bene
1723 4591 2046 4665 meritum,
2090 4590 2415 4675 simulque
2463 4592 2775 4676 pecunias
2821 4592 3082 4655 mittam
3128 4592 3366 4675 quibus
3414 4596 3482 4655 et
3526 4590 3883 4656 creditores

365 4728 699 4792 dimittere
768 4732 836 4790 et
901 4725 1073 4788 bona
1140 4725 1427 4788 omnium
1495 4724 1715 4809 gratia
1783 4724 2088 4789 recedere
2156 4725 2386 4808 possis.
2476 4725 2654 4789 Bene
2722 4725 2891 4806 vale,
2963 4724 3058 4788 fili
3120 4724 3521 4789 charissime.
3646 4724 3884 4789 Martis

374 4860 465 4933 18,
509 4860 666 4924 Iulii
710 4860 905 4923 Anno
951 4857 1275 4923 MDLIII.
1365 4858 1664 4922 Basileae.
1735 4855 1961 4921 Nostri
2007 4864 2075 4921 te
2120 4855 2437 4938 salutant,
2485 4864 2553 4921 et
2595 4858 2915 4943 imprimis
2947 4856 3170 4923 Celius
3210 4878 3487 4943 peregre
3527 4858 3879 4943 profectus,

367 5001 724 5077 antequam
770 4993 924 5056 filiae
971 4991 1234 5056 obviam
1278 4992 1406 5056 iret
1446 5013 1591 5055 cum
1617 4990 1938 5056 Gribaldo
1983 4991 2111 5054 huc
2152 4990 2469 5065 venienti,
2518 4996 2593 5054 ut
2637 4996 2705 5054 te
2749 5011 2866 5053 suo
2903 4991 3163 5055 nomine
3208 4989 3566 5054 salutarem
3595 4989 3882 5072 rogavit.

2495 5124 2959 5190 Bonifacius
3012 5124 3610 5204 Amerbachius‚

2806 5257 3056 5321 Parens
3097 5260 3275 5320 tuus.

627 5394 1021 5479 Praeceptori
1071 5399 1186 5456 tuo
1230 5413 1332 5456 me
1379 5392 1582 5455 etiam
1628 5401 1829 5476 atque
1874 5392 2075 5455 etiam
2117 5389 2516 5453 commenda.

1905 5599 2397 5614 mmxmww
