4914 6782
2058 651 2136 715 51

1925 850 2258 916 XXXIV.

1222 1020 1688 1106 Bonis-acius
1753 1019 2343 1102 Amerbachius
2406 1018 2719 1100 Basilio
2784 1016 2975 1100 filio.

1560 1184 1702 1253 (eod.
1736 1185 2006 1239 Basilicus.
2043 1184 2107 1237 G.
2141 1184 2207 1238 ΙΙ.
2250 1186 2328 1237 14.
2363 1184 2450 1237 fol.
2490 1184 2626 1247 189.)

324 1327 598 1400 Basilio
643 1330 1118 1421 Amerbachio,
1173 1333 1363 1402 Iuris
1412 1331 1709 1403 studioso
1748 1328 2086 1420 chinyoe,
2139 1329 2280 1418 filio
2330 1352 2475 1401 suo,
2579 1329 2667 1399 In
2721 1329 2836 1400 des
2886 1328 3352 1419 hochyelerten
3399 1329 3568 1400 kern
3620 1327 3854 1398 doctor

1138 1478 1525 1551 Varnbuler
1576 1479 1748 1551 haus
1792 1502 1926 1571 qen
1965 1479 2309 1571 Tzibinyen
2358 1504 2443 1553 zu
2496 1479 3057 1551 vberanthcrten.

580 1753 648 1819 S.
694 1754 768 1821 P.
857 1754 957 1819 De
999 1762 1113 1820 tuo
1162 1755 1320 1819 vitae
1364 1755 1695 1827 institutO,
1742 1754 1948 1818 Basili
1994 1754 2109 1835 fili,
2154 1755 2351 1819 isthic
2396 1754 2610 1819 adhuc
2662 1777 2779 1841 per
2824 1777 3062 1819 annum
3109 1754 3436 1834 manendi,
3481 1755 3591 1820 vel
3634 1756 3854 1841 potius

315 1885 386 1949 in
435 1883 723 1965 Gallias,
776 1894 895 1951 aut
947 1889 1013 1952 in
1068 1886 1362 1959 Italiam,
1420 1892 1495 1951 ut
1552 1896 1706 1951 ante
1753 1894 2167 1965 convenerat,
2214 1886 2689 1972 proficiscendi,
2734 1909 2852 1973 per
2895 1888 3066 1953 hunc
3113 1888 3539 1973 Degenhardi
3584 1889 3854 1974 Equitis

312 2018 643 2083 famulum
690 2020 818 2085 huc
857 2021 1221 2086 rediturum
1266 2042 1369 2085 me
1414 2022 1761 2085 certiorem
1808 2021 2013 2085 facias
2056 2020 2227 2084 vo10.
2296 2019 2439 2085 Iam
2488 2022 2659 2084 enim
2705 2028 2964 2107 tempus
3007 2025 3286 2108 appetit,
3335 2028 3410 2087 ut
3450 2022 3527 2087 de
3559 2022 3642 2086 iis
3674 2029 3852 2087 certo

313 2157 843 2216 commentemur
885 2154 1060 2217 inter
1102 2175 1222 2218 nos
1267 2160 1335 2218 et
1381 2152 1866 2218 concludamus.
1935 2151 2258 2236 Equidem
2304 2173 2420 2237 pro
2468 2158 2744 2237 paterna
2784 2154 3178 2235 adfectione,
3210 2177 3470 2240 quoquo
3515 2157 3851 2240 cogitaris,

314 2288 764 2349 constitutum
808 2291 998 2350 tuum
1041 2293 1259 2351 ratum
1304 2286 1581 2366 habebc,
1630 2293 1699 2350 et
1743 2287 1959 2349 omnia
2007 2295 2121 2349 tuo
2169 2286 2500 2350 arbitratu
2546 2293 2760 2357 sunto,
2809 2286 2997 2350 modo
3043 2288 3111 2351 in
3158 2297 3450 2374 tempore
3482 2289 3851 2356 admonear.

311 2419 584 2504 Accepi
628 2439 839 2504 nuper
881 2418 1113 2484 literas
1156 2440 1197 2482 a
1242 2418 1551 2482 Duareno
1598 2440 1679 2483 ex
1724 2417 1953 2483 Gallia
1984 2418 2435 2503 Biturigibus,
2483 2419 2707 2503 accepi
2755 2425 2821 2482 et
2866 2440 2905 2481 a
2936 2419 3290 2483 Francisco
3325 2419 3592 2484 Alciato
3625 2421 3853 2507 Papiae

308 2553 380 2616 in
426 2551 647 2616 Italia
692 2553 851 2616 Iura
906 2552 1133 2617 civilia
1196 2573 1437 2637 magna
1498 2572 1640 2615 cum
1695 2552 2086 2617 celebritate
2134 2550 2615 2636 profitentibus,
2673 2553 3106 2616 humanitatis
3158 2560 3224 2618 et
3270 2553 3465 2616 officii
3510 2553 3742 2639 plenas
3788 2562 3855 2619 et

308 2682 397 2747 ad
444 2684 626 2748 nihil
670 2707 798 2749 non
855 2707 997 2750 sese
1043 2684 1410 2749 offerentes.
1497 2684 1636 2751 Nec
1697 2684 1904 2748 multo
1960 2691 2109 2770 post
2149 2690 2216 2748 et
2262 2682 2571 2749 Gribaldi
2619 2684 2899 2748 Patavio
2946 2684 3157 2749 literae
3203 2685 3429 2750 allatae
3475 2692 3649 2767 sunt,
3697 2707 3852 2771 quo-

309 2837 465 2881 cum
516 2822 738 2893 antea‚
783 2824 859 2881 ut
903 2817 1049 2892 scis,
1094 2838 1460 2902 egeramus,
1508 2817 1622 2901 qui
1665 2817 1887 2881 futuro
1933 2818 2243 2903 Augusto
2289 2836 2361 2881 se
2404 2816 2514 2881 hic
2544 2816 2923 2881 adfuturum
2954 2817 3206 2882 scribit.
3297 2818 3614 2884 Delibera
3644 2820 3854 2906 igitur

307 2955 380 3014 et
429 2955 626 3015 certo
674 2953 1020 3033 constitue,
1068 2973 1153 3015 an
1199 2952 1395 3016 isthic
1442 2953 1664 3037 potius
1707 2951 1920 3016 adhuc
1965 2972 2082 3036 per
2122 2973 2359 3014 annum
2410 2971 2815 3036 permanere,
2871 2958 2988 3015 aut
3032 2952 3086 3016 si
3128 2974 3256 3015 non
3300 2953 3557 3037 putaris
3603 2952 3854 3017 consul·

304 3090 480 3165 tum,
549 3106 835 3169 quonam
893 3086 1261 3151 studiorum
1315 3107 1512 3151 causa
1571 3087 2044 3172 profectionem
2118 3085 2464 3149 instituere
2519 3084 2728 3149 malis.
2847 3085 3088 3149 Rarius
3151 3092 3225 3149 ut
3289 3085 3371 3149 ad
3438 3091 3506 3150 te
3573 3085 3855 3151 scribam

303 3219 576 3283 raritas
620 3221 1010 3284 nunciorum
1057 3220 1278 3301 efficit,
1325 3226 1394 3285 et
1437 3242 1520 3285 ne
1565 3241 1738 3284 nunc
1785 3219 1977 3305 plura
2024 3220 2279 3305 possim,
2310 3220 2626 3305 temporis
2660 3219 2968 3302 augustia
2999 3218 3331 3299 excludor,
3378 3240 3526 3304 quae
3554 3220 3624 3283 in
3657 3240 3854 3285 causa

303 3359 428 3429 est,
474 3375 570 3418 ne
616 3375 655 3418 a
700 3352 903 3421 Caelio
946 3354 1178 3420 literas
1222 3356 1528 3441 accipias,
1576 3354 1655 3420 de
1700 3354 1925 3419 nuncii
1970 3354 2293 3440 evestigio
2341 3353 2767 3419 abiturientis
2810 3352 3216 3439 profectione
3260 3353 3513 3438 ignam.
3614 3349 3856 3419 Omnes

303 3488 532 3551 nostri
584 3492 764 3550 recte
809 3486 1040 3551 valent
1083 3491 1151 3550 et
1193 3491 1260 3550 te
1307 3486 1533 3550 valere
1579 3507 1775 3571 quam
1820 3488 2065 3572 optime
2113 3486 2509 3552 desiderant.
2597 3487 2772 3551 Bene
2803 3486 2969 3560 vale,
3014 3485 3109 3549 fili
3158 3487 3558 3552 charissime.
3647 3487 3854 3550 Lunae

307 3623 391 3687 12
438 3621 637 3686 Iunii
681 3622 792 3684 ΑΟ.
832 3619 1010 3684 1553.
1099 3618 1545 3685 Clarissimum
1594 3618 1923 3684 dominum
1969 3621 2452 3705 Praeceptorem
2499 3626 2686 3683 tuum
2717 3639 2860 3683 meo
2892 3619 3151 3683 nomine
3191 3624 3572 3683 reverenter
3601 3619 3853 3700 saluta3

303 3777 389 3821 ne
440 3755 742 3820 scribam
786 3774 1207 3840 praepropera
1253 3753 1478 3817 nuncii
1522 3753 1733 3819 abitio
1777 3755 1957 3820 facit.

1978 3889 2158 3953 Tuus
2203 3889 2449 3952 Parens
2493 3889 2956 3990 Bonjfacius
3001 3888 3604 3954 Amor-bachius.

602 4023 856 4089 (Redditae
895 4026 974 4079 18.
1008 4023 1129 4079 Jun.
1167 4025 1336 4088 1553)

1949 4512 2240 4577 XXXV.

1204 4688 1554 4772 Basilius
1618 4686 2199 4769 Amerbachius
2266 4683 2685 4767 Bonifacio
2751 4689 2991 4796 patri.

1629 4849 1766 4915 (cod.
1813 4851 2081 4906 Basiliens.
2119 4851 2181 4904 G.
2217 4851 2259 4904 1.
2294 4851 2338 4906 s.
2379 4850 2461 4904 fol.
2503 4854 2606 4912 is.)

648 4998 1046 5071 Clarissimo
1095 4998 1246 5070 viro
1297 4999 1393 5070 D.
1447 4996 1806 5084 Bonifatio
1859 4996 2331 5084 Amerbachio‚
2372 4997 2655 5088 parenti
2709 4996 3124 5069 charissimo,
3228 4997 3549 5068 Basilece.

1920 5176 2213 5191 aeaeaeaeaeaeaeaeaeae

593 5274 661 5341 S.
710 5276 785 5338 P.
874 5277 1119 5340 Literae
1181 5279 1313 5338 tuae
1376 5274 1455 5337 12
1505 5272 1683 5335 Iunii
1732 5273 2008 5357 scriptae,
2055 5272 2433 5336 charissime
2479 5278 2688 5357 pater,
2743 5271 2813 5334 17
2861 5269 3148 5335 eiusdem
3193 5271 3436 5342 mensis
3480 5270 3584 5334 die
3631 5269 3857 5333 allatae

4049 3214 4057 3718 l

258 5418 494 5492 sunt,
551 5411 631 5472 in
679 5406 918 5492 quibus
962 5412 1037 5471 ut
1082 5406 1160 5471 de
1206 5407 1366 5470 vitae
1410 5426 1573 5469 meae
1616 5406 1925 5469 institut-o
1975 5411 2037 5468 te
2071 5405 2416 5468 certiorem
2468 5404 2707 5468 faciam
2753 5404 3082 5468 admones.
3172 5402 3586 5488 Quamquam
3636 5408 3859 5467 autem
4031 5399 4032 5404 ’

288 5546 369 5610 in
425 5541 762 5608 omnibus
807 5542 1022 5623 rebus,
1070 5539 1241 5625 quod
1286 5540 1447 5603 mihi
1492 5541 1703 5625 magis
1735 5537 2076 5615 conducat,
2122 5538 2356 5602 melius
2385 5539 2578 5613 nosti,
2625 5545 2867 5620 tamen,
2913 5539 3068 5623 quia
3113 5537 3479 5603 deliberare
3520 5557 3621 5601 me
3658 5542 3866 5621 atque
