4914 6782
842 600 854 945 1
2771 652 2853 713 54

2618 847 2980 912 xxxvn.
4534 813 4539 817 ’

848 956 854 1029 Ι

847 1054 852 1207 Ι
1933 1019 2398 1103 Bonifacius
2466 1023 3061 1103 Amerbachius
3129 1021 3433 1103 Basilio
3499 1021 3690 1104 filio.

2286 1185 2431 1252 (Cod.
2469 1185 2729 1239 Basiliens.
2773 1186 2834 1239 G.
2873 1186 2943 1239 II.
2980 1187 3057 1239 14.
3093 1187 3174 1240 fol.
3220 1187 3350 1251 177.)

1569 1329 1839 1401 Basilio
1892 1329 2368 1417 Amerbaclee'o,
2424 1331 2614 1401 Iuris
2662 1331 2982 1418 studi030,
3043 1330 3380 1421 Tubinyoe,
3434 1331 3577 1419 filio
3631 1332 4048 1404 charissimo.

2675 1509 2920 1524 ‘Nm-hm

1299 1629 1368 1695 S.
1416 1630 1489 1697 P.
1578 1630 1902 1695 Misissem
1959 1637 2114 1695 ante
2171 1630 2311 1696 dies
2368 1631 2626 1716 aliquot
2683 1653 2925 1716 equum
2982 1629 3065 1695 ad
3123 1638 3210 1712 te,
3259 1630 3480 1703 Basili,
3525 1636 3601 1693 ut
3643 1630 3770 1693 huc
3811 1631 4097 1709 venires3
4144 1632 4337 1716 cupio
4383 1631 4576 1712 enim,

1050 1764 1247 1827 immo
1288 1762 1584 1827 desidero
1632 1770 1697 1828 te
1742 1764 1983 1838 videre,
2028 1765 2157 1828 nisi
2204 1766 2282 1829 D.
2331 1763 2640 1831 Gribaldi
2684 1762 3041 1827 adventum
3086 1769 3436 1848 expectare
3481 1761 3843 1826 consultius
3877 1763 4344 1836 existimarem,
4377 1784 4417 1826 a
4449 1784 4577 1846 quo

1050 1896 1131 1961 de
1174 1917 1312 1977 suo,
1360 1918 1614 1982 nempe,
1661 1918 1746 1960 an
1792 1896 2007 1960 denuo
2058 1897 2326 1961 Patavii
2371 1896 2733 1962 conductus
2774 1898 2906 1983 sit„
2925 1917 3001 1961 ac
3047 1896 3126 1960 de
3172 1916 3389 1960 rerum
3435 1917 3627 1981 porro
3672 1894 4060 1959 Italicarum
4106 1901 4290 1960 statu
4335 1896 4581 1958 certior

1050 2028 1315 2110 reddar-3
1372 2050 1516 2113 quo,
1571 2050 1657 2092 an
1717 2029 2016 2094 omnibus
2068 2029 2266 2094 rebus
2313 2032 2448 2094 tuis
2509 2030 2938 2095 conclamatis
2981 2050 3058 2093 ac
3104 2030 3630 2116 Argentoratum
3676 2029 4025 2095 destinatis
4084 2030 4229 2109 hue,
4299 2027 4580 2093 eundem

1047 2162 1117 2224 in
1162 2162 1433 2226 Italiam
1480 2164 1932 2245 comitaturus,
1979 2165 2202 2229 venire
2250 2164 2512 2247 debeas»,
2559 2187 2643 2229 an
2687 2187 2864 2246 vere,
2910 2166 2967 2229 si
3009 2164 3248 2228 nullibi
3293 2165 3360 2227 in
3408 2163 3610 2228 Italia
3654 2164 3761 2229 vel
3812 2164 4038 2228 Gallia
4083 2185 4201 2249 per
4245 2161 4394 2226 coeli
4435 2181 4581 2246 gra·

1050 2297 1329 2360 vitatem
1376 2297 1486 2360 vel
1526 2297 1850 2361 bellorum
1895 2298 2312 2362 calamitates
2356 2304 2577 2362 tutum
2615 2299 2722 2379 sit,
2784 2297 3042 2363 easdem
3109 2319 3214 2362 res
3257 2305 3407 2362 tuas
3451 2300 3603 2362 istic
3650 2300 4018 2383 relinquere
4065 2321 4141 2362 ac
4184 2302 4333 2384 post
4378 2296 4584 2360 ferias

1048 2428 1220 2492 istuc
1268 2429 1481 2496 redire
1527 2431 1791 2511 debeaS,
1841 2439 2019 2497 certo
2066 2432 2191 2496 tibi
2236 2430 2610 2516 significare
2656 2431 2914 2516 possim.
3003 2428 3165 2495 Cum
3197 2428 3438 2493 nudius
3470 2435 3745 2513 quartus
3776 2428 4020 2494 Coelius
4053 2430 4203 2494 hinc
4247 2430 4584 2515 profectus

846 1330 853 2538 ———-——-—-————-———-——-—-v-——-—-
848 1240 853 1261 .-
848 1218 851 1225 -

1049 2562 1207 2625 filiae
1250 2584 1386 2627 suae
1431 2586 1579 2628 cum
1625 2564 1949 2630 Gribaldo
1994 2565 2375 2629 advenienti
2422 2564 2685 2628 obviam
2731 2562 3062 2649 procedat,
3108 2585 3298 2649 spero
3342 2564 3518 2627 intra
3566 2584 3810 2648 paucos
3842 2564 3981 2627 dies
4012 2565 4172 2628 mihi
4203 2586 4332 2628 non
4366 2564 4582 2628 solum

1050 2696 1204 2781 equi
1246 2697 1571 2772 mittendi,
1615 2697 1730 2762 sed
1777 2703 1845 2762 et
1892 2700 2138 2763 certius
2182 2696 2340 2782 quid
2386 2696 2716 2761 scribendi
2760 2696 3326 2782 opportunitatem
3369 2694 3614 2760 adfore.
3718 2667 3988 2760 Interea
4053 2697 4221 2761 bene
4267 2697 4437 2777 vale,
4483 2696 4582 2761 fili

1047 2830 1159 2892 mi.
1247 2828 1673 2894 Schebelium
1717 2831 2258 2894 mathematicum
2298 2830 2438 2895 sine
2482 2830 2700 2895 literis
2727 2830 2890 2895 meis
2918 2852 3036 2916 pro
3069 2837 3292 2895 vetere
3339 2830 3650 2894 instituto
3691 2851 3836 2896 meo
3869 2830 4241 2916 Tubingam
4274 2835 4580 2914 repetere

1048 2959 1270 3042 nolui,
1330 2963 1876 3046 quemadmodum
1938 2984 2057 3027 nec
2114 2984 2323 3048 nuper
2379 2963 2437 3029 d.
2479 2961 3003 3028 Carolostadium
3061 2963 3227 3026 istac
3288 2964 3740 3039 transiturum,
3805 2985 3843 3027 a
3898 2986 4027 3048 quo
4081 2985 4261 3028 meas
4313 2969 4381 3028 te
4444 2963 4581 3028 iam

1050 3094 1381 3178 accepisse
1429 3101 1612 3179 puto.
1702 3094 1955 3158 Iterum
1999 3102 2200 3180 atque
2247 3097 2488 3159 iterum
2534 3101 2603 3158 et
2647 3099 2968 3180 perpetuo
2999 3094 3171 3176 vale,
3203 3096 3291 3158 mi
3325 3095 3553 3159 Basili.
3619 3095 3840 3160 Pridie
3888 3096 3946 3159 d.
3982 3097 4211 3161 Iacobi
4240 3098 4578 3182 Apostoli.

1048 3227 1244 3287 Anno
1292 3224 1619 3290 MDLIII.
1709 3224 2012 3289 Basileae.

2697 3362 2879 3427 Tuus
2923 3363 3171 3428 Par-ens
3216 3365 3678 3432 Bonifacius
3722 3367 4327 3433 Aruer-bachius.

848 2928 851 2961 ι

847 2972 854 3166 l

2606 4185 3006 4250 XXXVIII.

1912 4358 2264 4440 Basilius
2332 4359 2918 4441 Amerbachius
2983 4360 3403 4444 Bonifacio
3471 4364 3712 4472 patri.

2304 4548 2435 4608 OEod.
2479 4549 2744 4603 BasilienS.
2783 4551 2844 4603 G.
2884 4550 2918 4602 l.
2960 4553 3003 4605 8.
3043 4549 3128 4603 fol.
3173 4554 3271 4604 120.)

1355 4692 1750 4765 Clarissimo
1799 4693 1949 4764 viro
2002 4692 2097 4764 D.
2152 4692 2512 4778 Bonifatio
2565 4693 3041 4781 AmerbachiO,
3084 4698 3366 4786 parenti
3420 4698 3840 4770 charissimo.
3943 4700 4262 4772 Basileoe.

2715 4873 2824 4886 ‹XX-⁶¹⁸.-
2835 4874 2908 4887 ‘ww

1302 4993 1695 5060 Charissime
1759 4995 1981 5060 Pater.
2081 4994 2283 5058 Binas
2349 5015 2388 5057 a
2453 4999 2521 5057 te
2589 4992 2824 5058 literas
2889 4997 3134 5081 accepi,
3201 5018 3479 5081 quarum
3526 5002 3924 5085 posteriores
3982 5000 4075 5065 Io.
4142 5001 4576 5071 Scheubelius

1050 5128 1128 5193 31
1177 5127 1354 5206 Iulii,
1412 5128 1662 5214 priores
1715 5148 1872 5192 vero
1931 5126 2012 5191 D.
2062 5125 2516 5192 Carolstadius
2572 5128 2652 5191 10
2692 5129 2992 5212 Augusti
3050 5129 3304 5209 attulit,
3365 5131 3604 5216 quibus
3662 5139 3738 5198 ut
3794 5134 4185 5220 respondere
4251 5139 4575 5222 copiosius

1050 5282 1181 5326 non
1225 5262 1487 5346 possim,
1531 5262 1847 5348 temporis
1889 5261 2186 5326 brevitas
2230 5261 2298 5324 in
2341 5282 2575 5326 caussa
2620 5267 2741 5326 cst.
2830 5260 3382 5328 Iucundissimum
3426 5268 3635 5352 primo
3678 5267 3837 5331 mihi
3880 5268 4010 5332 fuit
4049 5289 4131 5332 ex
4172 5269 4255 5334 iis
4307 5291 4574 5357 cognos-

1054 5416 1217 5472 cere,
1262 5395 1437 5481 quod
1480 5395 1766 5460 abeundi
1797 5417 2013 5460 meum
2057 5395 2401 5460 consilium
2444 5395 2763 5481 probaris,
2803 5401 2880 5459 ut
2924 5395 3238 5461 videlicet
3282 5398 3390 5462 vel
3430 5400 3501 5463 in
3530 5400 3817 5476 Italiam,
3855 5402 3963 5466 vel
3994 5402 4062 5465 in
4097 5400 4407 5478 Galliam,
4451 5406 4573 5470 nisi

1055 5525 1202 5589 caeli
1245 5527 1547 5610 gravitas
1591 5526 1700 5590 vel
1726 5526 2054 5590 bellorum
2083 5527 2429 5593 calamitas
2472 5529 2844 5615 prohibeat,
2889 5529 3294 5616 proficiscar;
3341 5553 3490 5595 nam
3537 5555 3614 5597 ea
3657 5555 3728 5598 re
3769 5534 3929 5598 mihi
3972 5536 4233 5620 gratius
4278 5538 4570 5604 accidere

2731 5753 3462 5765 ————.-
3491 5758 3934 5765 .———.-.——

4764 1036 4770 1109 Ι
