4914 6782
838 586 881 685 'N

2776 683 2856 747 36

1045 906 1159 970 pro
1218 884 1416 948 simili
1480 886 1620 949 sim.
1722 884 1924 948 Iussit
1978 891 2190 948 mater
2232 887 2408 949 inter
2452 885 2902 970 prandendum
2946 908 3062 949 suo
3108 887 3368 949 nomine
3410 885 3768 950 rescribere
3808 891 4079 970 propter
4124 882 4368 962 nuncii,
4416 902 4567 944 con-

1047 1020 1210 1083 civis
1254 1022 1479 1098 vestri,
1526 1018 1780 1082 abitum
1828 1020 2227 1100 celeriorem,
2275 1019 2449 1104 quod
2494 1020 2665 1083 facio
2714 1028 2787 1083 ut
2832 1018 3158 1105 prandens
3203 1018 3413 1083 illotis
3457 1017 3759 1082 manibus
3803 1020 3902 1082 ita
3945 1016 4120 1100 stylo
4167 1017 4564 1099 illotissimo,
4749 990 4756 1123 ἶ

1044 1152 1157 1215 sed
1216 1174 1290 1215 eo
1345 1154 1605 1216 nomine
1663 1153 1745 1215 ad
1802 1159 2026 1216 notam
2086 1160 2267 1216 tuam
2323 1159 2391 1216 et
2447 1152 2809 1215 iudicatam
2865 1152 3162 1217 omnibus
3212 1151 3549 1215 ἐπιεικίαν
3604 1152 3889 1238 appello·
3990 1152 4080 1215 Et
4123 1172 4286 1236 rogo
4331 1150 4566 1214 matris
4753 1146 4758 1257 ι

1041 1308 1204 1351 meae
1250 1287 1507 1350 nomine
1554 1286 1793 1371 pictori
1837 1294 2057 1349 vestro
2102 1286 2169 1349 id
2202 1285 2478 1349 indicari
2520 1296 2588 1349 et
2633 1288 2852 1371 rogari
2907 1287 3117 1359 simul,
3163 1296 3240 1352 ut
3292 1309 3422 1372 qua
3475 1289 3673 1372 coepit
3724 1290 3975 1372 pietate
4018 1295 4086 1351 et
4125 1288 4564 1366 humanitate,

1044 1423 1140 1485 ita
1186 1428 1422 1507 pergat
1466 1420 1709 1484 liberos
1748 1422 1910 1484 istos
1955 1420 2281 1505 orphanos
2323 1426 2693 1484 sustentare
2726 1423 3069 1505 tantisper,
3118 1420 3268 1483 dum
3315 1420 3393 1483 de
3441 1428 3628 1505 patre
3677 1442 3899 1483 eorum
3947 1422 4263 1485 certiores
4310 1418 4565 1482 fiamus.
4753 1276 4761 1527 l

1046 1554 1189 1639 Ego
1223 1556 1395 1618 enim
1428 1555 1715 1639 spondeo
1762 1555 1867 1618 vel
1914 1556 2134 1640 potius
2180 1576 2296 1639 per
2342 1555 2571 1618 literas
2617 1554 2967 1634 constituO,
3014 1576 3115 1616 me
3161 1554 3650 1617 satisfacturum
3684 1554 3878 1617 alteri
3914 1554 4065 1617 huic
4099 1553 4379 1639 parenti,
4427 1555 4568 1616 viro

1046 1689 1313 1773 optimo,
1372 1694 1446 1751 ut
1491 1687 1759 1772 proinde
1805 1709 1921 1772 pro
1970 1687 2287 1766 omnibus,
2350 1687 2588 1770 quibus
2634 1708 2796 1771 opus
2848 1694 2966 1767 est,
3018 1708 3118 1750 me
3165 1687 3592 1772 interpellare
3637 1688 3844 1772 possit
3888 1694 3956 1750 et
4001 1687 4259 1750 debeat.
4350 1686 4571 1750 Mater

1050 1823 1250 1885 etiam
1281 1821 1402 1884 hoc
1431 1821 1591 1884 mihi
1639 1820 2140 1900 commendavit,
2191 1827 2263 1882 ut
2293 1819 2667 1904 Nepotibus
2712 1821 2846 1882 suis
2891 1842 3006 1883 suo
3038 1822 3301 1885 nomine
3339 1821 3670 1885 xeniolum
3703 1820 3968 1905 aliquod
4008 1820 4360 1885 mitterem.
4437 1819 4569 1884 Sed
4758 1786 4764 1909 l

1051 1978 1195 2020 cum
1250 1956 1464 2019 literis
1520 1954 1768 2017 includi
1827 1958 2159 2017 commode
2215 1975 2344 2015 non
2406 1962 2645 2038 posset,
2703 1954 2838 2017 dixi
2898 1977 2999 2017 me
3055 1976 3172 2039 per
3217 1957 3394 2026 teid
3444 1956 3846 2019 effecturum.
3938 1954 4124 2018 Velis
4170 1956 4420 2038 itaque,
4467 1955 4572 2017 vir
4759 1944 4762 2003 Ι

1051 2090 1409 2154 clarissime
1457 2094 1524 2152 et
1571 2088 2128 2157 christianissime,
2182 2088 2464 2171 singulis
2513 2089 2668 2152 dare
2717 2097 3099 2153 coronatum
3145 2089 3580 2170 dimidiatum,
3629 2097 3696 2153 et
3722 2090 3929 2171 ,uxori
3973 2089 4247 2173 pictoris
4297 2090 4572 2153 tertium

1051 2232 1428 2287 coronatum
1478 2223 1838 2293 dimidium,
1902 2224 2092 2307 quasi
2138 2244 2247 2285 eos
2290 2231 2503 2287 mater
2545 2224 2675 2286 iam
2711 2224 3031 2295 mitteret,
3084 2244 3323 2307 eosque
3377 2243 3670 2286 mearum
3724 2223 4054 2285 rationum
4116 2224 4419 2306 expensis
4477 2224 4574 2286 in-

1050 2359 1239 2423 ferre.
1335 2357 1525 2431 Quod
1580 2357 1957 2421 dimidiatos
2010 2360 2237 2429 mittit,
2294 2366 2567 2421 excusat
2621 2365 2832 2421 mater
2889 2357 3011 2420 hac
3057 2359 3330 2425 ratione.
3385 2356 3557 2440 quod
3604 2355 3850 2419 habeat
3892 2355 4137 2419 liberos
4181 2362 4456 2440 nepotes
4503 2364 4574 2419 et

1052 2496 1445 2573 pronepotes
1503 2490 1766 2552 circiter
1808 2490 2272 2573 quadraginta,
2330 2513 2603 2574 quorum
2646 2499 2979 2575 speratam
3019 2490 3475 2554 haereditatem
3533 2491 3629 2553 ita
3685 2491 3913 2573 cupiat
3972 2491 4450 2565 administrare,
4498 2499 4576 2554 ut

1053 2624 1273 2706 potius
1320 2622 1628 2686 defuncta
1672 2625 1957 2707 gratiam
2008 2647 2201 2708 quam
2247 2627 2403 2688 viva
2449 2624 2802 2708 largitione
2849 2645 2968 2686 sua
3013 2624 3306 2687 fucatum
3352 2645 3636 2685 amorem
3681 2630 3981 2709 captasse
4029 2623 4354 2687 videatur.
4423 2626 4573 2688 Pie—

1053 2764 1258 2819 tatem
1306 2766 1528 2819 autem
1574 2757 1822 2819 avitam
1869 2756 2244 2841 Nepotibus
2289 2757 2469 2820 hisce
2517 2756 2990 2819 Basiliensibus
3042 2780 3170 2819 non
3227 2757 3425 2820 aliam
3483 2758 3761 2842 spondet
3807 2778 4000 2840 quam
4065 2757 4254 2820 nobis
4317 2758 4574 2821 caeteris

1052 2888 1371 2953 omnibus.
1464 2889 1675 2963 Quam
1736 2892 1955 2970 etiam,
2017 2893 2069 2954 si
2134 2892 2227 2976 pii
2287 2912 2424 2954 esse
2488 2898 2554 2954 et
2600 2890 3036 2974 obsequentes
3081 2892 3510 2975 perrexerint,
3562 2912 3631 2953 re
3676 2892 3821 2975 ipsa
3865 2892 4181 2967 sentient3
4243 2912 4318 2953 eo
4364 2891 4576 2975 igitur

1052 3025 1310 3087 nomine
1367 3023 1756 3107 diligentius
1809 3024 2194 3087 admonendi
2254 3036 2427 3088 sunt.
2519 3022 2801 3105 Reliqua
2854 3025 3071 3086 onmia
3126 3024 3595 3087 committimus
3648 3023 3799 3086 fidei
3855 3024 4086 3107 optimi
4127 3024 4251 3086 viri
4300 3025 4574 3108 eiusque

1054 3286 1251 3361 dium,
1298 3287 1406 3350 sed
1456 3295 1715 3351 tantum
1774 3289 1855 3352 ad
1917 3289 2413 3373 significandam
2474 3290 2760 3374 gratiam
2815 3310 2996 3351 suam
3042 3288 3262 3352 Mater
3307 3291 3517 3353 mittit
3562 3300 3629 3354 et
3673 3289 3992 3352 familiam
4046 3297 4254 3353 totam
4302 3291 4575 3374 pictoris

1053 3444 1197 3485 cum
1243 3423 1596 3507 nepotibus
1641 3426 1894 3489 salutat
1940 3426 2467 3509 diligentissime.
2558 3425 2824 3489 Iam'ne
2874 3426 3079 3488 nostri
3125 3433 3401 3494 tantum,
3450 3423 3560 3487 sed
3610 3433 3676 3486 et
3724 3433 3856 3486 tuae
3901 3424 3995 3486 rei
4028 3445 4272 3487 memor
4305 3425 4445 3505 sim,
4494 3424 4572 3488 de

1052 3556 1320 3640 Basylio
1371 3565 1594 3620 nostro
1654 3560 1882 3641 paucis
1942 3560 2060 3621 hoc
2118 3560 2351 3638 scribe,
2413 3560 2759 3643 reliquisse
2813 3581 2915 3622 me
2972 3581 3117 3621 eum
3164 3557 3533 3640 Thubingae
3578 3564 3755 3619 recte
3804 3560 4020 3620 omnia
4068 3569 4398 3641 agentem,
4444 3559 4573 3621 nisi

1053 3690 1225 3774 quod
1272 3691 1494 3754 scabie
1540 3691 1837 3754 nonnihil
1885 3692 2185 3755 laborare
2234 3694 2452 3776 coepit,
2501 3691 2944 3756 tolerabiliter
2988 3699 3224 3753 tamen.
3273 3701 3347 3754 ut
3393 3690 3649 3753 credam
3714 3693 3775 3754 ei
3833 3692 4052 3775 potius
4110 3691 4573 3755 medicamenti

1052 3832 1194 3886 loco
1259 3825 1396 3886 fore
1455 3846 1648 3907 quam
1711 3824 2140 3908 aegritudinis.
2252 3826 2478 3910 Pergit
2529 3825 2883 3908 diligenter
2929 3831 2995 3886 et
3039 3824 3156 3902 ita,
3206 3834 3279 3887 ut
3323 3831 3581 3887 tantum
3628 3823 4014 3904 indicatore,
4068 3847 4196 3887 non
4251 3827 4573 3889 monitore

1053 3979 1216 4042 opus
1260 3956 1520 4032 habeat,
1567 3958 1761 4041 idque
1809 3960 2055 4043 paucis.
2146 3959 2512 4043 Eleganter
2555 3980 2711 4022 sane
2757 3979 2900 4021 meo
2946 3959 3124 4021 iussu
3172 3958 3541 4040 disputavit
3586 3956 3826 4020 abhinc
3870 3966 4104 4021 octavo
4151 3958 4255 4021 die
4308 3959 4572 4043 publice

1054 4092 1459 4174 argumentis
1504 4113 1543 4153 a
1587 4113 1653 4155 se
1699 4093 1987 4155 inventis
2034 4101 2101 4155 et
2146 4093 2213 4155 in
2258 4093 2542 4155 medium
2574 4091 2816 4156 allatis.
2890 4089 3100 4163 Quam
3133 4090 3521 4153 industriam
3554 4112 3735 4152 suam
3770 4112 3914 4152 cum
3959 4090 4572 4173 animadverterem,

1054 4225 1217 4307 ctepi
1283 4223 1577 4306 cogitare
1643 4224 1721 4286 de
1782 4224 1909 4302 via,
1972 4246 2101 4308 qua
2164 4224 2348 4287 brevi
2394 4225 2533 4308 ipse
2583 4244 2840 4307 quoque
2889 4245 2988 4285 me
3030 4223 3301 4307 praeside
3348 4223 3743 4308 respondeat
3789 4223 4236 4308 disputatione
4287 4225 4575 4309 publica.

1054 4355 1196 4418 Iam
1241 4357 1414 4419 enim
1460 4364 1721 4420 tantum
1766 4367 2271 4442 argumentatus
2318 4367 2418 4420 est
2461 4380 2652 4441 quam
2694 4357 2896 4420 alium
2942 4363 3444 4441 respondentem
3479 4379 3576 4420 me
3624 4379 3876 4441 quoque
3925 4358 4223 4442 praeside.
4315 4359 4462 4442 Ego
4507 4360 4572 4421 in

1055 4493 1551 4573 praesentiarum
1598 4490 1791 4574 plura
1835 4514 1965 4553 non
2009 4513 2267 4576 possum
2312 4491 2620 4555 scribere.
2710 4492 2827 4562 Tu,
2879 4492 2979 4553 vir
3023 4491 3267 4575 optime
3316 4499 3384 4554 et
3430 4490 3823 4558 doctissime,
3863 4491 4001 4553 haec
4042 4489 4195 4553 boni
4244 4491 4570 4572 consulas,

1053 4643 1181 4684 non
1243 4631 1500 4686 tantum
1557 4623 2119 4687 turbulentissime
2165 4625 2498 4708 scriptum,
2560 4624 2672 4687 sed
2719 4625 2917 4687 etiam
2963 4624 3235 4686 nimium
3281 4626 3557 4686 fortasse
3606 4623 3921 4686 audacem
3963 4623 4575 4708 interpellationem

1056 4765 1315 4816 tuarum
1364 4757 1886 4842 occupationum.
1954 4755 2118 4840 Ego,
2172 4762 2244 4817 ut
2292 4776 2441 4817 vere
2491 4754 2723 4834 dicam,
2772 4763 2835 4817 te
2884 4777 3028 4818 amo
3075 4763 3142 4817 et
3177 4753 3319 4817 colo
3367 4754 3720 4838 plurimum
3761 4763 3828 4817 et
3857 4754 4062 4817 filium
4098 4762 4282 4817 tuum
4317 4755 4575 4820 habebo

1054 4890 1214 4953 mihi
1276 4889 1816 4968 commendatum,
1880 4897 1954 4952 ut
2008 4888 2173 4951 nihil
2233 4889 2519 4973 amplius
2581 4888 2814 4951 dicam.
2912 4888 3079 4951 Vale
3138 4889 3346 4972 igitur
3402 4890 3469 4950 in
3532 4886 3789 4952 Christo
3848 4908 3987 4950 cum
4050 4886 4353 4950 omnibus
4415 4908 4579 4970 quos

1057 5025 1285 5087 charos
1330 5022 1552 5087 habes.
1642 5023 1695 5085 F
1705 5023 2068 5086 estinanter
2111 5023 2285 5085 inter
2333 5021 2782 5107 prandendum
2816 5043 3096 5106 quoque.
3170 5020 3482 5084 Lindavii
3517 5020 3592 5083 18
3625 5020 3819 5085 Febr.
3869 5022 4061 5083 Anno
4094 5020 4212 5084 sal.
4248 5019 4579 5085 MDLIII.

3132 5154 3313 5218 Tuus
3358 5157 3738 5221 Nicolaus
3781 5155 4405 5218 Varenbulerus.

849 3134 869 4250 Ξ
1056 3157 1289 3229 uxoris,
1336 3158 1440 3219 cui
1485 3179 1612 3219 non
1660 3157 1741 3220 ad
1786 3158 2324 3220 remunerandam
2358 3166 2616 3221 tantam
2647 3178 2827 3219 suam
2862 3156 3387 3219 benevolentiam
3438 3155 3608 3218 hunc
3654 3156 3922 3219 tertium
3971 3162 4351 3219 coronatum
4383 3155 4575 3219 dimi·

1254 5289 1539 5354 (Exhibitae
1578 5291 1631 5343 in
1666 5286 1745 5341 die
1781 5288 1991 5343 Mathiae
2027 5289 2270 5356 Apostoli
2305 5290 2371 5342 524
2407 5287 2672 5342 Februarii
2707 5290 2795 5341 As&
2835 5290 3003 5354 1553.)

1050 5776 1263 5781 ψ
1296 5777 1703 5782 mmm
1784 5776 2115 5781 4j—
2146 5774 4376 5783 ffi——————.——-——————-————ff-0ss
4405 5775 4642 5780 γῴ-
4683 5769 4726 5778 -ν-“
