4914 6782
2686 660 2769 721 60

948 866 1081 928 iam
1108 840 1319 949 ‘plura
1372 882 1501 924 non
1546 860 1788 946 possim
1851 860 2137 924 scribere
2184 848 2754 945 occupatissimus.
2790 858 2930 922 haec
2974 863 3048 922 tu
3096 858 3473 922 inordinata
3518 867 3585 922 et
3630 859 4022 922 festinanter
4065 858 4270 921 effusa
4313 858 4469 921 boni
4682 864 4685 907 l

951 995 1249 1062 consules
1307 1000 1374 1059 et
1424 1015 1527 1056 me
1588 992 1713 1057 tibi
1758 992 2232 1057 deditissimum
2280 997 2579 1055 amanter
2624 990 3147 1055 commendatum
3194 1011 3412 1075 quaeso
3458 990 3723 1054 habeas.
3812 989 4114 1055 Christus
4168 996 4469 1054 servator

947 1133 1170 1192 noster
1212 1134 1280 1192 te
1326 1134 1603 1211 tuosque
1650 1147 1812 1211 quos
1857 1126 2087 1190 charos
2134 1125 2338 1190 habes
2382 1134 2726 1190 conservet
2769 1124 3131 1189 incolumes
3163 1124 3552 1187 diutissime.
3618 1122 3986 1208 Thubingae
4017 1122 4170 1186 XV.
4198 1121 4464 1188 Calend.

951 1260 1284 1346 Septemb.
1331 1261 1528 1324 Anno
1573 1258 1771 1323 salut.
1818 1258 2144 1323 MDLIII.

2637 1395 2818 1457 Tuus
2863 1415 2944 1456 ex
2985 1393 3202 1455 animo
3250 1393 3630 1458 Nicolaus
3673 1393 4297 1456 Varenbulerus.

1198 1527 1614 1613 Insperatam
1660 1525 2119 1590 difficultatem
2162 1498 2308 1611 quie
2353 1528 2545 1591 fratri
2591 1526 2686 1589 10.
2734 1526 3007 1592 Ulricho
3055 1545 3200 1588 cum
3247 1524 3554 1607 Principe
3604 1521 3895 1606 Georgio
3945 1521 4193 1585 accidit
4240 1542 4460 1605 quaeso

952 1670 1039 1743 te,
1087 1664 1142 1726 si
1186 1663 1393 1747 possis
1437 1662 1685 1734 iuvare,
1731 1667 1806 1725 ut
1849 1681 2200 1744 puerorum
2243 1662 2482 1726 saltem
2513 1663 2734 1746 gratia
2763 1660 2989 1723 facias.
3038 1657 3246 1720 Miror
3290 1657 3465 1720 senis
3510 1657 3946 1720 tenacitatem
3991 1676 4058 1719 se
4105 1654 4463 1739 indignam.

1200 1794 1321 1858 His
1365 1794 1494 1857 iam
1542 1794 1926 1879 perscriptis
1976 1799 2044 1857 et
2097 1791 2232 1856 fere
2286 1792 2501 1856 literis
2555 1791 2949 1875 obsignatis⁸
2994 1791 3264 1853 nuntiat
3307 1790 3468 1853 mihi
3516 1812 3679 1853 uxor
3724 1789 4098 1853 dulcissima
4143 1810 4466 1873 puerpera

950 1927 1267 1991 Basilium
1328 1929 1388 1990 ei
1442 1927 1551 1991 vel
1603 1927 1936 1990 honorarii
1986 1926 2090 1989 vcl
2149 1926 2566 2008 mnymosyni
2608 1924 2753 1988 loco
2802 1923 3073 1988 donasse
3121 1946 3241 2010 par
3287 1924 3792 2009 Duplicatorum
3840 1924 4245 2002 ducatorum,
4295 1922 4465 2006 quod

947 2083 1257 2147 magnum
1316 2068 1385 2125 et
1438 2060 1712 2124 liberale
1759 2081 1913 2123 sane
1967 2080 2202 2122 munus
2249 2064 2367 2139 est,
2424 2080 2541 2143 pro
2590 2080 2716 2142 quo
2761 2079 3036 2143 magnas
3096 2030 3220 2121 tibi
3267 2058 3474 2136 Patri,
3524 2058 3710 2122 cuius
3756 2059 4156 2122 auctoritate
4216 2058 4463 2120 factum

946 2199 1207 2275 scimus,
1257 2197 1513 2282 agimus
1561 2203 1629 2259 et
1674 2195 1988 2259 habemus
2033 2194 2306 2279 gratias,
2365 2192 2694 2255 servaturi
2735 2192 2936 2255 etiam
2983 2190 3290 2275 deinceps
3329 2198 3669 2276 perpetuo.
3759 2190 3928 2254 Vale
3972 2192 4216 2253 iterum
4263 2196 4463 2274 atque

946 2331 1183 2394 iterum
1231 2330 1297 2393 in
1345 2330 1605 2396 Christo
1652 2329 1853 2391 foelix.

1695 2593 1979 2679 Accepti

950 2733 1239 2795 Primum
1280 2731 1406 2794 huc
1450 2730 1723 2793 veniens
1768 2727 2021 2791 exolvit
2062 2724 2221 2788 mihi
2267 2723 2556 2787 Basilius
2588 2740 2821 2787 aureos
2850 2744 3157 2786 renenses
3187 2722 3268 2785 ‘20
3298 2723 3410 2806 qui
3443 2722 3699 2802 faciunt
3729 2721 4010 2785 florenos
4099 2770 4113 2783 .
4204 2770 4217 2783 .
4307 2722 4386 2785 24

946 2861 1170 2924 Mense
1217 2860 1450 2925 deinde
1494 2860 1815 2925 Februar.
1878 2858 2142 2922 officiali
2200 2854 2481 2941 quodam
2527 2854 3127 2939 XVirtembergensi
3182 2855 3413 2917 nuntio
3465 2854 3649 2918 misit
3701 2853 3783 2918 ad
3839 2876 3940 2918 me
3989 2856 4218 2918 Amer-

1111 2994 1386 3057 bachius
1436 2994 1633 3057 Pater
1678 2998 2026 3055 coronatos
2070 2989 2151 3052 ‘20
2198 2990 2309 3074 qui
2354 2988 2611 3052 faciunt
2655 2987 2796 3052 flor.
2930 3034 4216 3054 .............
4303 2989 4385 3053 30

1197 2462 1471 2527 Tabulae
1516 2462 1776 2546 accepti
1822 2467 1891 2523 et
1936 2459 2204 2544 expensi
2250 2455 2479 2519 Basilii
2524 2456 2732 2519 nostri
2777 2454 3202 2518 Amerbachii
3248 2455 3488 2539 gratia.
4680 2436 4688 2845 Ι

944 3124 1129 3189 Idem
1175 3125 1658 3189 Amerbachius
1715 3131 1905 3209 pater
1963 3144 2105 3187 meo
2160 3122 2477 3185 mandatu
2536 3122 2815 3185 Basileae
2869 3122 3121 3186 exolvit
3183 3130 3565 3187 coronatum
3626 3144 3773 3187 cum
3828 3123 4096 3186 dimidio
4143 3123 4211 3186 in
4678 2852 4687 3175 t

4678 3270 4684 3315 f

1112 3259 1337 3323 valore
1382 3259 1532 3344 plus
1575 3259 1791 3322 minus
1834 3256 2229 3320 florenorum
2314 3304 4214 3324 ...................
4344 3258 4462 3344 211ι

944 3397 1129 3461 Idem
1172 3394 1541 3479 Isengrinio
1587 3390 2031 3477 Typographo
2076 3411 2222 3454 mea
2270 3412 2467 3455 causa
2510 3390 2711 3456 solvit
2749 3389 3029 3455 florenos
3153 3438 4216 3459 ...........
4309 3395 4460 3480 15913

944 3530 1129 3593 Idem
1177 3528 1441 3593 tandem
1495 3548 1641 3592 mea
1693 3525 1819 3590 fide
1877 3531 2139 3589 mutuos
2184 3523 2367 3589 dedit
2411 3524 2602 3588 fratri
2646 3545 2789 3588 meo
2835 3523 2928 3588 Io,
2977 3523 3249 3588 Ulricho
3296 3523 3752 3589 Varenbulero
3821 3547 4056 3590 aureos
4120 3547 4218 3590 re·

944 3682 1177 3727 nenses
1220 3661 1320 3727 30.
1368 3663 1434 3725 in
1481 3661 1706 3724 valore
1752 3659 1893 3726 flor.
2004 3704 4215 3726 ......................
4303 3659 4465 3744 37¹st

3285 3789 3552 3856 Summa
3600 3793 3863 3878 accepti
3907 3793 4046 3859 flor.
4098 3793 4214 3859 109
4260 3794 4360 3859 kr.
4406 3793 4461 3854 7.
4676 3785 4686 3954 ἲ

1692 3901 2003 3986 Expensi.

950 4039 1239 4101 Primum
1286 4041 1552 4098 mutuos
1596 4033 1745 4098 dedi
1785 4032 2036 4096 Basilio
2082 4031 2365 4096 florenos
2426 4081 4214 4100 ..................
4305 4036 4463 4121 18518

948 4170 1201 4235 Deinde
1256 4168 1426 4231 vixit
1484 4166 1660 4251 apud
1715 4186 1818 4229 me
1874 4186 1913 4228 a
1972 4165 2011 4227 6
2066 4163 2330 4229 Calend.
2380 4162 2614 4228 Octob.
2670 4167 2824 4228 anni
2882 4165 2966 4227 52
3026 4185 3228 4249 usque
3275 4163 3356 4227 ad
3408 4163 3483 4227 16
3529 4163 3795 4228 Calend.
3843 4167 4024 4251 Sept.
4064 4167 4218 4229 anni
4264 4207 4276 4216 -

1115 4300 1647 4387 quinquagesimi
1690 4300 1894 4380 tertii,
1942 4320 2069 4382 quo
2101 4299 2359 4362 nomine
2393 4320 2511 4383 pro
2543 4299 2726 4363 victu
2759 4306 2827 4362 et
2856 4298 3268 4362 habitatione
3298 4300 3364 4361 in
3397 4319 3637 4361 annum
3678 4299 3840 4362 mihi
3879 4298 4217 4364 debuisset

1048 4501 1051 4502 γ
1115 4444 1460 4500 coronatos
1527 4436 1628 4515 40,
1697 4432 1810 4497 sed
1877 4432 2175 4497 deductis
2238 4431 2470 4496 diebus
2544 4433 2820 4497 totidem
2893 4418 3131 4517 quibus
3197 4438 3350 4496 ante
3420 4453 3660 4495 annum
3730 4432 4126 4516 completum
4177 4454 4218 4496 a

1114 4577 1302 4656 patre
1349 4569 1609 4632 domum
1653 4566 2092 4631 revocabatur
2136 4565 2349 4629 adhuc
2394 4564 2592 4629 debet
2636 4564 2920 4629 florenos
3047 4611 4213 4630 ............
4299 4565 4464 4651 537,

3272 4697 3540 4762 Summa
3585 4697 3853 4782 expensi
3898 4696 4039 4759 flor.
4089 4696 4169 4759 72
4212 4697 4313 4761 kr.
4360 4698 4459 4764 20.

1197 4835 1318 4899 His
1370 4800 1580 4920 igitur
1631 4836 1806 4897 inter
1859 4855 1926 4898 se
1991 4833 2253 4896 collatis
2313 4839 2381 4896 et
2435 4831 2735 4895 deductis
2799 4831 3058 4916 accepti
3114 4831 3351 4914 reliqui
3406 4851 3658 4894 summa
3712 4829 3789 4893 fit
3832 4829 4226 4893 florenorum
4271 4830 4352 4893 36
4395 4835 4466 4895 et

951 4970 1439 5054 crucigerorum
1485 4967 1586 5043 47,
1640 4988 1836 5051 quam
1890 4966 2138 5029 Basilio
2201 4963 2568 5029 discedenti
2635 4964 2976 5026 numeravi
3036 4963 3405 5047 Thubingae
3452 4961 3528 5024 1ss
3572 4961 3839 5028 Ualend.
3886 4960 4222 5047 Septemb.
4268 4963 4462 5026 Anno

949 5102 1145 5167 salut.
1186 5099 1515 5165 MDLIII.
1604 5098 1805 5164 Salvo
1852 5120 2069 5163 errore
2114 5098 2375 5162 calculi.

2892 5230 3274 5294 nicolaus
3318 5230 3944 5307 Varenbulerus,
3988 5226 4043 5289 I.
4094 5227 4173 5293 U.
4214 5226 4296 5294 D.

4693 5387 4696 5416 Ι

2321 5492 3124 5515 ·——-————0·000—··——————
4691 5433 4697 5682 1

4893 5189 4914 5384 4
