4914 6782
360 838 484 903 bus
528 838 897 924 disciplinae
943 840 1047 902 cui
1093 840 1508 923 mancipatus
1553 859 1621 902 es
1665 838 2026 917 audiendis,
2075 844 2225 921 tyro
2272 856 2349 900 ac
2389 857 2600 899 novus
2641 834 3090 899 Iustinianeus
3135 832 3395 898 delectu
3444 852 3607 915 opus
3659 832 3881 911 habes,

358 994 440 1037 ac
496 973 925 1058 praeceptoris
981 973 1080 1036 tui
1137 971 1409 1035 consilio
1463 971 1669 1034 uteris
1717 977 1789 1034 ut
1831 971 2004 1033 ratio
2051 970 2253 1061 studii
2298 976 2477 1033 recte
2527 971 2941 1034 instituatur.
3032 966 3393 1030 Dimidium
3438 966 3620 1045 facti,
3666 965 3885 1048 inquit

362 1110 594 1187 Poeta,
652 1109 764 1190 qui
809 1106 976 1170 bene
1024 1106 1201 1191 cepit
1244 1106 1466 1169 habet.
1556 1105 1655 1168 De
1703 1128 1831 1189 qua
1878 1107 2033 1189 quid
2079 1107 2379 1187 sentiam,
2426 1104 2756 1190 prioribus
2801 1103 3015 1167 literis
3056 1102 3182 1165 tibi
3227 1100 3563 1179 deliniavi,
3611 1108 3678 1163 et
3723 1119 3884 1184 prae-

363 1247 699 1325 ceptorem
746 1247 934 1303 tuum
979 1240 1136 1302 mihi
1187 1239 1538 1323 suffragari
1584 1260 1667 1301 ex
1710 1238 1923 1303 literis
1965 1240 2101 1303 tuis
2143 1239 2471 1324 intelligo,
2562 1239 2734 1301 Nam
2775 1238 2942 1321 quod
2990 1239 3048 1300 is
3092 1236 3173 1300 ad
3218 1234 3578 1321 parandam
3609 1256 3884 1298 summa-

360 1375 530 1437 riam
575 1373 738 1436 iuris
793 1373 1239 1457 cognitionem
1285 1372 1607 1457 paratitla
1655 1373 1903 1435 Azonis
1949 1378 2015 1435 et
2062 1372 2429 1436 Hostiensis
2474 1372 2692 1454 tyroni
2738 1372 3002 1434 minime
3050 1370 3452 1455 negligenda
3496 1376 3710 1454 putat,
3756 1391 3883 1431 non

363 1506 683 1592 improbO,
730 1505 921 1569 modo
968 1508 1299 1590 castigata
1346 1505 1750 1591 exemplaria
1794 1505 2021 1569 haberi
2071 1509 2338 1591 possint,
2385 1513 2504 1570 aut
2547 1508 2686 1590 ipse
2733 1506 3218 1568 cunctationem
3268 1513 3467 1581 tuam,
3513 1504 3723 1568 sicubi
3761 1504 3882 1569 tibi

362 1639 598 1703 menda
659 1639 999 1723 negotium
1061 1639 1315 1701 faciunt
1369 1644 1487 1701 aut
1547 1644 1613 1701 te
1674 1660 2057 1724 suspensum
2113 1649 2358 1721 tenent,
2425 1662 2655 1725 regere
2712 1663 2827 1725 pro
2889 1662 3003 1704 suo
3053 1639 3330 1702 candore
3376 1662 3504 1701 non
3550 1647 3882 1723 gravetur.

366 1774 677 1859 Inprimis
722 1779 944 1836 autem
989 1773 1054 1834 in
1103 1773 1396 1835 Azonem
1437 1772 1585 1856 plus
1624 1794 1838 1856 operae
1885 1778 1953 1835 et
1998 1772 2127 1836 olei
2172 1773 2524 1857 impendes,
2573 1794 2716 1835 cum
2762 1775 2828 1835 in
2875 1772 3204 1836 HostienS.
3252 1771 3588 1855 complura
3637 1778 3883 1843 extent,

362 1910 583 1973 nescio
640 1930 722 1970 an
778 1907 942 1970 iuris
998 1904 1290 1969 studioso
1344 1907 1411 1968 in
1473 1906 1593 1969 hac
1647 1914 2015 1990 temporum
2062 1907 2570 1991 metamorphosi
2615 1905 2969 1990 aliquando
3015 1908 3164 1969 usui
3208 1907 3466 1981 futura,
3541 1904 3720 1968 Illud
3766 1928 3882 1967 κα·

362 2041 602 2118 θόλον,
660 2040 885 2119 Basili,
948 2040 1045 2103 fili
1099 2040 1207 2119 mi,
1267 2039 1623 2124 diligenter
1674 2038 2011 2121 admoneO,
2069 2039 2286 2103 studia
2336 2046 2453 2104 tua
2500 2062 2579 2104 ne
2627 2041 3166 2125 praecipitaveriS,
3226 2046 3292 2103 et
3339 2042 3405 2102 in
3451 2041 3532 2103 iis
3576 2059 3704 2101 non
3750 2045 3883 2103 tani

365 2175 775 2238 celeritatem
823 2196 1019 2258 quam
1068 2195 1289 2237 curam
1335 2173 1771 2237 adhibendam
1816 2175 2013 2238 noris,
2089 2173 2269 2238 Satis
2334 2175 2487 2253 cito,
2555 2176 2610 2238 si
2654 2176 2816 2237 satis
2881 2174 3069 2237 bene.
3173 2172 3346 2245 Quin
3407 2173 3678 2235 nimium
3741 2196 3885 2259 pro·

364 2316 673 2392 perantes
718 2310 927 2372 serius
972 2308 1335 2386 absolvere,
1385 2314 1576 2371 vetus
1628 2309 1900 2372 verbum
1938 2315 2243 2373 testatur.
2322 2309 2512 2374 Unde
2561 2330 2688 2370 non
2741 2309 3068 2371 immerito
3121 2308 3234 2372 ille
3289 2307 3462 2393 apud
3515 2307 3884 2371 Platonem:

370 2443 542 2506 Dum
575 2444 835 2522 festino,
883 2442 1117 2526 inquit,
1165 2442 1383 2504 omnia
1415 2442 1723 2505 celeriter
1762 2463 2162 2526 percurrere,
2215 2442 2466 2504 tardior
2509 2464 2684 2504 sum:
2742 2441 3057 2504 σπεύδων
3108 2442 3281 2527 τιὲχυ
3324 2441 3541 2505 πάντα
3588 2440 3886 2504 διελθεῖν

366 2579 633 2660 μᾶλλον
686 2574 1022 2656 spadam».
1132 2573 1206 2636 Id
1271 2574 1442 2658 quod
1496 2575 1799 2638 nimirum
1855 2575 2263 2659 praestiteris,
2320 2576 2375 2638 si
2430 2575 2756 2660 principio
2817 2577 2891 2638 τά
2950 2576 3522 2661 ,τροπαιὸῖιύματα
3567 2584 3631 2638 et
3678 2577 3882 2660 prima

369 2709 737 2793 disciplinae
784 2707 956 2770 Iuris
1001 2707 1327 2770 elementa
1373 2729 1500 2769 non
1547 2706 1939 2791 neglexeris.
2030 2706 2282 2770 Idcirco
2328 2708 2655 2792 prioribus
2699 2710 2911 2773 literis
2959 2717 3257 2793 tyronem
3304 2718 3370 2773 te
3418 2710 3482 2772 in
3533 2709 3880 2773 Iustiniani

366 2842 914 2906 Institutionibus
975 2863 1121 2904 cum
1176 2842 1575 2905 tractatibus
1633 2841 1711 2904 de
1766 2841 2111 2905 verborum
2160 2848 2228 2904 et
2268 2862 2484 2904 reruni
2531 2842 3036 2927 significatione,
3083 2845 3244 2907 item
3291 2844 3670 2928 regularum
3718 2841 3886 2905 Iuris

371 2998 625 3039 omnem
674 2997 938 3060 operam
983 2974 1358 3059 impendere
1388 2974 1592 3038 volui.
1670 2973 1927 3047 Quibus
1957 2976 2009 3037 si
2044 2975 2292 3038 Azouis
2323 2974 2642 3059 paratitla
2674 2975 2753 3037 ad
2787 2976 3203 3037 summariam
3236 2975 3409 3038 Iuris
3442 2977 3882 3060 cognitionem

369 3110 727 3194 parandam
776 3112 1196 3187 accesserint,
1242 3113 1405 3174 satis
1451 3110 1780 3174 festinasti
1828 3117 1895 3173 et
1940 3109 2323 3193 promovisti
2370 3108 2493 3171 hoc
2534 3130 2723 3188 ann0,
2773 3117 2839 3171 et
2885 3106 3098 3187 ὄντως
3147 3110 3483 3193 experiere
3516 3109 3678 3172 talia
3711 3112 3882 3172 iacta

367 3241 797 3306 fundamenta
844 3264 1001 3319 esse,
1042 3250 1117 3306 ut
1164 3242 1474 3326 quicquid
1523 3241 1995 3327 posterioribus
2040 3242 2227 3321 annis
2270 3243 2789 3327 superstruxeris
2831 3241 3114 3325 γνήσιον
3160 3250 3226 3305 et
3273 3241 3526 3306 firmum
3571 3243 3884 3319 futurum,

364 3396 487 3440 nec
555 3386 797 3440 metam
877 3375 1245 3440 adfectanti
1323 3375 1403 3439 ad
1485 3397 1779 3440 carceres
1852 3374 2127 3440 subinde
2210 3375 2610 3439 redeundum
2693 3398 2856 3440 esse.
2976 3376 3228 3440 Deinde
3297 3399 3451 3440 vero
3538 3399 3681 3440 cum
3761 3378 3887 3441 lec-

367 3510 570 3573 tionis
627 3510 976 3573 thesaurus
1027 3510 1339 3572 memoria
1399 3510 1505 3588 sit,
1563 3531 1770 3593 eaque
1830 3511 2159 3594 praecipue
2225 3531 2381 3572 cura
2451 3510 2800 3574 intellectu
2865 3521 2930 3575 et
3010 3513 3235 3576 ordine
3294 3521 3710 3597 comparetur
3772 3523 3940 3577 aut.

371 3650 649 3724 constet,
710 3651 785 3706 ut
849 3665 1005 3706 cura
1061 3645 1124 3706 in
1190 3643 1489 3707 omnibus
1548 3643 1901 3728 plurimum
1966 3644 2277 3707 momenti
2323 3643 2545 3724 habet,
2604 3646 2700 3708 ita
2744 3644 2981 3707 bonam
3026 3646 3356 3708 memoriae
3402 3653 3652 3730 partem
3700 3649 3766 3710 in
3812 3669 3887 3710 eo

372 3775 821 3860 deprehendes
879 3779 1256 3858 consistere,
1322 3781 1376 3842 si
1440 3779 1658 3842 onmia
1718 3801 1756 3841 a
1812 3785 1881 3841 te
1937 3777 2112 3841 lecta
2157 3776 2264 3839 vel
2309 3777 2539 3840 audita
2586 3798 2772 3840 cures
2816 3776 3018 3861 probe
3066 3786 3133 3841 et
3179 3779 3444 3862 penitus
3488 3779 3887 3863 intelligere.

371 3907 679 3973 Ordinem
714 3932 905 3995 porro
938 3932 1065 3973 non
1097 3925 1431 3974 servatum
1461 3911 1615 3993 quid
1649 3912 1777 3974 nisi
1809 3911 2099 3974 confusio
2134 3909 2534 3972 comitatur?
2609 3911 2744 3974 Fac
2784 3933 2960 3980 sane.
3006 3933 3122 3996 pro
3156 3911 3509 3975 Iustiniani
3540 3913 3888 3994 sententia,

373 4045 658 4107 omnium
703 4045 1073 4108 meminisse
1122 4052 1187 4107 et
1234 4045 1478 4108 nullius
1525 4044 1827 4108 oblivisci
1874 4044 2247 4107 divinitatis
2292 4045 2513 4128 potius
2558 4065 2696 4108 esse
2729 4065 2925 4127 quam
2971 4045 3435 4125 humanitatis3
3483 4045 3638 4109 ordo
3672 4055 3888 4111 tamen

372 4188 674 4243 servatus
719 4178 974 4252 efficiet,
1022 4187 1097 4242 ut
1127 4201 1347 4242 eorum
1396 4199 1541 4262 quae
1589 4179 1954 4243 exciderint
1998 4179 2133 4242 fere
2174 4178 2544 4243 meminisse
2581 4180 2918 4262 possimus.
3007 4180 3219 4242 Venio
3254 4180 3333 4242 ad
3368 4181 3891 4245 extraordinaria

375 4319 491 4377 tua
548 4313 785 4398 quibus
854 4314 932 4377 de
979 4314 1213 4377 scribis
1272 4314 1511 4377 studia.
1606 4311 1769 4385 Quae
1815 4314 1909 4375 ita
1952 4312 2326 4390 modereriS,
2374 4311 2467 4374 fili
2516 4314 2624 4392 mi,
2666 4335 2745 4377 ne
2793 4312 3155 4377 immodicis
3199 4313 3534 4377 laboribus
3580 4336 3709 4376 non
3757 4323 3889 4376 tam

376 4445 822 4509 valetudinem
882 4455 949 4510 et
1006 4447 1224 4510 studia
1285 4453 1400 4510 tua
1457 4445 1784 4508 ordinaria
1840 4444 2005 4507 nihil
2065 4446 2486 4528 promovisse,
2544 4469 2736 4528 quam
2786 4447 3173 4533 profligasse
3220 4455 3286 4510 et
3332 4448 3751 4531 impedivisse
3798 4448 3891 4510 vi·

378 4577 610 4642 dearis.
680 4579 891 4643 Homo
940 4602 1025 4656 eS‚
1073 4603 1200 4643 non
1246 4580 1506 4642 ferrum.
1586 4577 1775 4650 Quod
1822 4585 2003 4640 caret
2048 4577 2304 4640 alterna
2347 4580 2594 4661 requie,
2641 4587 2818 4642 recte
2868 4579 3108 4643 cecinit
3153 4587 3369 4664 poeta,
3421 4579 3717 4644 durabile
3763 4603 3890 4644 non

380 4719 498 4778 est.
573 4714 888 4777 Honestis
919 4714 1144 4798 itaque
1178 4713 1639 4798 voluptatibus
1686 4713 1791 4776 vel
1834 4711 2111 4776 eruditis
2155 4732 2311 4774 cura
2342 4713 2480 4776 haec
2516 4714 2733 4792 animi,
2780 4714 2976 4776 immo
3008 4715 3262 4776 animus
3304 4714 3442 4798 ipse
3486 4712 3893 4798 defatigatus

377 4845 767 4910 reficiendus
812 4853 912 4910 est
945 4855 1010 4910 et
1056 4845 1407 4910 ventriculi
1459 4845 1924 4930 oculorumque
1957 4845 2402 4910 imbecillitati
2446 4844 3091 4908 deambulationibus
3122 4868 3160 4908 a
3194 4845 3339 4908 cibo
3372 4855 3631 4930 sumpto
3665 4868 3893 4909 consu-

379 4979 661 5044 lendum.
737 4979 1055 5065 Superest
1101 4988 1427 5064 postrema
1475 4982 1710 5066 prioris
1758 4981 2053 5065 epistolae
2102 5002 2269 5065 pars,
2312 4981 2380 5042 in
2427 5001 2557 5063 qua
2601 4985 2738 5042 tam
2770 4986 3076 5041 accurate
3107 4979 3568 5062 migrationem
3601 4986 3783 5042 tuam
3816 5001 3894 5041 ex

381 5111 631 5176 aedibus
677 5117 1103 5199 praeceptoris
1150 5137 1421 5178 excusas
1467 5115 1835 5178 rationibus
1884 5112 2329 5198 compluribus
2374 5111 2693 5192 adductis,
2744 5132 2924 5194 quae,
2973 5133 3098 5172 non
3147 5118 3560 5195 repugnante
3610 5133 3893 5196 praecep·

381 5251 542 5325 tore,
589 5246 777 5308 -haud
840 5244 1192 5310 difficulter
1250 5246 1548 5309 admitto.
1646 5246 1753 5310 Ita
1814 5269 1927 5331 pro
1984 5246 2136 5310 boni
2193 5253 2261 5310 et
2316 5247 2590 5330 ingenui
2630 5247 2886 5309 iuvenis
2932 5245 3140 5308 officio
3186 5245 3449 5323 videriS,
3496 5266 3576 5308 ne
3623 5245 3897 5310 libertas

382 5377 450 5439 in
496 5378 837 5441 licentiam
885 5379 1259 5462 degeneret,
1307 5400 1435 5463 qua
1482 5378 1840 5443 deteriores
1884 5380 2197 5465 plaerique
2241 5378 2426 5443 reddi
2470 5379 2701 5444 solent.
2773 5380 2864 5444 Ut.
2910 5401 3067 5463 ergo
3114 5380 3315 5442 comis
3362 5400 3518 5461 erga
3566 5401 3784 5444 omnes
3831 5390 3898 5444 et

384 5509 724 5594 benignuS,
771 5511 867 5573 ita
915 5511 1229 5575 bonorum
1275 5511 1730 5576 familiaritate
1779 5511 2122 5576 dumtaxat
2169 5514 2392 5592 uteris,
2436 5511 2502 5574 id
2552 5510 2722 5594 quod
2756 5511 3003 5573 Parens
3043 5511 3239 5572 etiam
3271 5520 3472 5594 atque
3514 5511 3716 5573 etiam
3750 5512 3898 5574 volo

3581 5638 3621 5680 ο

2835 5729 3170 5736 -————-——

4084 944 4088 1003 ,Μ
4086 906 4090 915 -
4086 858 4090 869 -
4073 556 4091 843 h--A-..A

4019 5709 4072 5736 s
