4914 6782
996 490 997 497 ’
1223 493 3866 510 ——-———--—-—-——-———-—
3890 488 4740 531 —ffld--rx

2720 613 2803 679 24
3077 664 3082 671 .

999 825 1143 891 lues
1184 825 1325 898 illa,
1370 830 1439 888 te
1485 821 1815 894 conferas;
1861 841 2014 885 nam
2056 818 2223 883 illud
2272 816 2648 904 philosophi
2713 835 2846 880 non
2908 816 3216 901 ignorare
3282 819 3370 895 te,
3431 814 3546 898 qui
3603 816 3823 878 omnia
3874 816 4070 896 nosti,
4118 815 4526 895 existimant,
4753 758 4756 803 Ι

1000 960 1114 1044 qui
1157 957 1599 1043 interroganti
1637 955 1916 1036 cuidam,
1963 974 2091 1038 quo
2146 958 2342 1037 pacto
2398 951 2770 1016 tutissimus
2813 949 2896 1014 ab
2942 971 3017 1013 eo
3066 950 3212 1034 quis
3253 970 3393 1014 esse
3439 954 3664 1034 posset
3705 949 3971 1013 morbo:
4040 949 4114 1015 Si
4159 950 4526 1023 confestim,

995 1093 1234 1177 inquit,
1281 1091 1495 1157 aleco
1529 1089 1845 1176 pestifero
1893 1087 2209 1173 emperie,
2256 1086 2313 1149 si
2356 1084 2555 1168 longe
2599 1083 2870 1169 fugeris,
2914 1084 2970 1147 si
3011 1081 3200 1146 tarde
3245 1082 3540 1147 redieris.
3585 1081 3824 1164 Itidem
3856 1082 3983 1146 tibi
4013 1103 4294 1167 quoque,
4340 1084 4530 1148 salva

1000 1228 1174 1291 enim
1213 1225 1544 1310 dignitate
1588 1228 1778 1309 potes
1821 1222 2059 1299 facere,
2107 1219 2436 1305 agendum
2482 1219 2885 1298 existimant,
2933 1225 3010 1281 ut
3054 1224 3122 1282 te
3167 1218 3415 1298 amicis,
3479 1216 3669 1281 nobis
3712 1216 3941 1280 liberis
4009 1218 4141 1282 tuis
4186 1223 4386 1302 atque
4429 1218 4528 1282 in-

1001 1359 1229 1445 primis
1260 1356 1647 1443 reipublicae
1693 1375 2058 1420 conserves.
2104 1350 2235 1417 Sed
2266 1358 2449 1417 sutor
2475 1352 2655 1416 ultra
2694 1352 3046 1437 crepidam,
3094 1352 3268 1436 quod
3313 1351 3443 1414 dici
3488 1351 3691 1432 solet,
3740 1358 4158 1436 quapropter,
4197 1352 4286 1414 mi
4318 1357 4531 1436 pater,

1001 1489 1416 1565 condonabiS,
1443 1490 1499 1553 si
1531 1487 1688 1573 quid
1719 1508 1925 1568 sesne,
1977 1504 2172 1569 quam
2215 1484 2584 1569 oportebat,
2629 1506 2851 1549 amore
2895 1484 3217 1569 impulsus
3259 1483 3493 1548 scribo.
3540 1484 3638 1547 De
3670 1503 3817 1547 mea
3847 1484 4254 1565 valetudine,
4287 1506 4530 1569 quaese,

1001 1645 1082 1687 ne
1127 1624 1215 1686 sis
1260 1621 1624 1692 sollicitus;
1670 1641 1821 1684 nam
1854 1617 2099 1685 Christi
2145 1619 2367 1702 gratia
2411 1618 2660 1702 optime
2704 1616 2934 1699 habe0,
2981 1625 3050 1682 et
3094 1618 3150 1682 si
3195 1617 3351 1703 quid
3385 1625 3627 1703 praeter
3656 1639 3836 1702 spem
3880 1618 4231 1693 accideret,
4257 1619 4527 1704 proprio

1001 1755 1068 1818 id
1123 1755 1393 1835 nunti0,
1459 1751 2002 1839 quemadmodum
2061 1772 2315 1830 moneS,
2377 1750 2840 1836 significarem.
2929 1750 3145 1814 Locus
3189 1750 3295 1814 hie
3340 1750 3535 1836 plane
3603 1774 3642 1815 a
3707 1752 4091 1836 pestilentia
4155 1759 4344 1817 tutus
4389 1760 4532 1832 est3

1004 1907 1400 1971 quamquam
1447 1886 1620 1949 enim
1642 1887 1712 1948 in
1756 1885 1908 1949 aliis
1951 1884 2255 1969 partibus
2299 1885 2592 1970 regio-is
2621 1883 2817 1947 huius
2861 1904 2988 1947 non
3036 1884 3314 1948 obscura
3351 1886 3559 1969 ipsius
3605 1885 3941 1949 emineant
3971 1886 4296 1970 exempla,
4344 1886 4533 1948 nulla

1004 2027 1229 2084 tamen
1301 2019 1408 2083 hic
1479 2020 1740 2082 omnino
1816 2018 1958 2081 eius
2000 2016 2109 2080 hic
2154 2025 2480 2102 apparent
2517 2020 2807 2101 vestigia
2851 2025 3248 2103 sperantque
3293 2017 3530 2081 medici
3584 2024 3856 2104 propter
3892 2018 4277 2083 incumbens
4317 2019 4534 2104 frigus

1004 2154 1127 2217 hoc
1170 2175 1341 2216 anno
1388 2174 1428 2216 a
1472 2152 1581 2216 lue
1646 2151 1768 2215 illa
1832 2152 2150 2216 immunes
2194 2172 2313 2215 nos
2355 2152 2464 2214 hic
2501 2150 2780 2216 futuros,
2884 2150 3027 2214 Iam
3094 2156 3169 2214 ut
3213 2151 3295 2214 ad
3340 2151 3661 2215 lectiones
3719 2158 3922 2237 atque
3967 2152 4189 2216 studia
4232 2174 4380 2216 mea
4423 2174 4534 2215 ve-

1004 2287 1200 2367 niam,
1268 2285 1453 2349 Juris
1498 2284 1717 2348 civilis
1760 2283 2160 2369 professores
2204 2290 2359 2347 sunt
2400 2291 2539 2347 tres
2584 2290 2846 2346 tantum
2900 2283 3026 2364 hic,
3076 2284 3386 2367 quoniam
3430 2284 3499 2347 in
3544 2285 3761 2348 locum
3808 2284 4111 2350 Siehardi
4158 2285 4330 2349 alius
4373 2308 4532 2348 non-

1008 2418 1160 2481 dum
1206 2425 1310 2483 est
1352 2418 1773 2483 substitutus.
1861 2418 1963 2480 Ex
2010 2416 2247 2502 quibus
2292 2419 2370 2477 D.
2421 2415 2770 2479 Nicolaum
2815 2417 3094 2500 primum
3142 2415 3368 2487 audio:
3414 2417 3472 2480 is
3514 2416 3862 2501 profitetur
3907 2416 4063 2483 Ood.
4113 2418 4192 2481 de
4237 2417 4536 2482 donatio-

1006 2550 1200 2615 nibus
1230 2551 1605 2632 materiam3
1640 2572 1719 2614 ea
1761 2550 2087 2624 absoluta,
2136 2548 2306 2633 quod
2352 2548 2732 2634 propediem
2770 2549 2906 2630 fiet,
2952 2552 3478 2635 praescriptiones
3525 2552 3974 2637 aggredietur.
4069 2553 4143 2614 D.
4191 2551 4538 2616 Chilianus

1007 2683 1341 2769 Voglerus
1385 2685 1676 2769 proxime
1724 2683 2228 2747 Institutionum
2275 2682 2483 2746 libros
2530 2705 2801 2747 exorsus
2847 2691 2965 2762 est,
3002 2706 3195 2768 quem
3243 2692 3309 2749 et
3356 2687 3567 2771 ipsum
3613 2687 4029 2772 profitentem
4078 2687 4390 2752 accedere
4436 2710 4538 2751 so-

1008 2816 1147 2887 leo;
1195 2815 1273 2880 D.
1318 2814 1452 2879 Iac.
1500 2814 1978 2900 Cappelbockii
2028 2816 2430 2900 digestorum
2480 2818 2866 2902 professoris
2910 2817 3230 2882 lectiones
3255 2841 3384 2882 non
3428 2820 3868 2904 frequentavi,
3914 2842 4025 2884 eas
4079 2823 4253 2884 enim
4299 2843 4530 2906 parum

1010 2948 1332 3012 utilitatis
1377 2947 1621 3011 habere
1668 2948 2006 3010 existimat
2053 2956 2423 3034 praeceptor
2484 2971 2686 3021 meus,
2750 2957 2888 3013 tum
2953 2950 3125 3033 quod
3180 2952 3249 3014 in
3312 2953 3702 3037 explicando
3748 2953 4012 3016 minime
4060 2953 4368 3038 explicet,
4419 2952 4536 3017 sed

1009 3082 1312 3146 involvat
1358 3083 1598 3166 potius,
1645 3088 1785 3144 tum
1826 3082 1997 3165 quod
2044 3081 2121 3145 de
2166 3083 2547 3165 minoribus,
2596 3105 2789 3167 quam
2835 3085 3121 3169 exponit,
3166 3108 3294 3148 non
3341 3087 3503 3149 adeo
3536 3086 3812 3149 arduum
3859 3086 4195 3150 existimat
4240 3086 4537 3157 titulum,

1014 3218 1173 3300 quin
1216 3216 1464 3300 absque
1511 3217 1778 3280 doctore
1824 3217 2154 3280 commode
2199 3217 2486 3301 intelligi
2534 3219 2759 3303 possit.
2805 3217 2886 3280 In
2932 3218 3280 3282 Pontificio
3312 3220 3454 3282 iure
3498 3219 3820 3282 Doctores
3865 3219 3991 3281 duo
4037 3226 4211 3291 sunt,
4258 3240 4537 3301 quorum

1013 3349 1198 3424 alter,
1256 3349 1561 3413 nimirum
1607 3348 1683 3413 D.
1735 3347 2129 3414 Gebhardus
2176 3350 2653 3437 Brastpergius,
2702 3374 2895 3436 quem
2942 3351 3020 3416 de
3065 3352 3207 3416 litis
3253 3352 3739 3416 contestatione
3784 3353 3851 3416 in
3896 3359 4066 3418 sext.
4112 3353 4385 3416 titulum
4428 3374 4538 3416 ex-

1013 3485 1390 3569 planantem
1435 3483 1663 3548 audire
1709 3484 2029 3547 hactenus
2074 3485 2309 3548 solitus
2355 3505 2518 3564 sum,
2565 3506 2693 3547 non
2740 3484 3107 3568 profitetur.
3191 3483 3380 3548 Solet
3424 3485 3596 3548 enim
3644 3485 3945 3570 princeps
3989 3492 4209 3549 noster
4253 3487 4540 3571 singulis

1014 3619 1202 3682 annis
1246 3618 1459 3681 forum
1505 3640 1692 3681 suurn
1734 3616 2155 3680 iudiciarium
2211 3617 2338 3680 huc
2395 3616 2745 3698 collocare,
2804 3618 2885 3680 ad
2947 3617 3120 3702 quod
3178 3639 3434 3702 semper
3497 3640 3663 3682 unus
3710 3639 3788 3681 ex
3833 3618 4309 3704 professoribus
4353 3622 4539 3698 iuris,

1014 3760 1092 3817 ut
1134 3753 1477 3817 assessoris
1522 3751 1840 3837 fungatur
1884 3750 2119 3831 offici0,
2169 3750 2507 3835 deligitur.
2617 3750 2857 3836 Itaque
2901 3750 2993 3827 fit,
3037 3757 3114 3814 ut
3157 3752 3306 3837 plus
3367 3753 3580 3816 minus
3625 3752 3968 3816 duodecim
4014 3753 4540 3819 hebdomadibus

1012 3888 1084 3962 is,
1130 3887 1235 3950 eui
1282 3907 1361 3948 ea
1404 3884 1716 3947 mandata
1763 3890 1863 3947 est
1907 3884 2249 3968 provincia
2294 3883 2581 3969 publice,
2627 3906 2709 3948 ne
2758 3884 2915 3969 quid
2961 3885 3040 3948 de
3088 3884 3239 3949 aliis
3285 3885 3494 3948 dicam
3542 3886 3738 3966 feriis,
3785 3909 3912 3950 non
3959 3887 4212 3967 doceat,
4261 3909 4539 3973 occupa-

1014 4019 1306 4083 tionibus
1336 4019 1644 4081 nimirum
1675 4018 1992 4103 principis
2020 4018 2401 4102 impeditus.
2451 4019 2669 4100 Alter,
2717 4019 2797 4082 D.
2836 4018 3090 4104 Caspar
3120 4018 3533 4099 Vollandius,
3582 4021 3686 4083 tit.
3721 4018 3800 4083 de
3823 4019 4048 4083 ordine
4083 4022 4538 4106 cognitionum

1016 4160 1216 4237 atque
1242 4152 1356 4237 qui
1400 4158 1766 4236 sequuntur
1811 4150 1890 4214 de
1934 4150 2199 4216 iudiciis
2246 4158 2614 4217 tractantes
2660 4153 2985 4237 explicat3
3031 4151 3202 4215 hunc
3235 4150 3518 4233 audiam,
3566 4152 3771 4216 donec
3803 4152 3885 4215 ad
3916 4154 4321 4218 functionem
4352 4177 4538 4218 suam

1017 4285 1187 4349 alter
1230 4284 1524 4365 redierit,
1589 4290 1732 4347 tum
1793 4284 1848 4347 si
1893 4283 2048 4367 quid
2098 4285 2425 4349 excellens
2472 4292 2672 4369 atque
2722 4285 2883 4348 utile
2930 4284 3380 4369 explicaturus
3427 4291 3544 4364 est,
3591 4285 3766 4348 haud
3813 4284 4164 4348 absurdum
4211 4294 4279 4350 et
4321 4287 4538 4371 ipsum

1017 4418 1245 4483 audire
1286 4424 1655 4503 praeceptor
1698 4417 2024 4501 opinatur.
2068 4417 2156 4480 Hi
2204 4419 2617 4504 professores,
2665 4424 2984 4501 quantum
3032 4416 3409 4500 intelligere
3453 4439 3736 4502 possum,
3762 4420 3926 4483 satis
3969 4419 4225 4484 erudite
4272 4420 4536 4501 docent,

1020 4551 1136 4616 sed
1203 4551 1501 4636 plerique
1547 4572 1769 4615 eorum
1814 4550 2264 4635 negligenter3
2308 4551 2439 4613 iam
2485 4552 2656 4614 enim
2701 4556 2971 4634 propter
3031 4549 3234 4615 festos
3301 4550 3458 4631 dies,
3527 4553 3657 4614 iam
3729 4560 3998 4637 propter
4072 4555 4460 4638 occupatior]
4491 4576 4542 4618 ·s

1024 4685 1339 4770 principis
1383 4705 1614 4748 caussa
1658 4689 2018 4768 susceptae,
2090 4684 2222 4746 iam
2270 4689 2540 4768 propter
2585 4682 2720 4745 alia
2772 4682 3188 4762 diverticula,
3255 4705 3400 4767 quae
3468 4684 3760 4748 studiose
3827 4685 4173 4749 admodum
4220 4688 4539 4771 indagare

1019 4821 1256 4893 solent,
1304 4819 1641 4905 publicam
1683 4817 2140 4881 intermittunt
2184 4815 2673 4901 professionem.
2748 4813 3073 4878 Dictando
3120 4816 3339 4879 omnia
3381 4838 3694 4901 responsa
3740 4818 4096 4903 explicant,
4141 4827 4216 4883 ut
4259 4818 4542 4883 studiosi

1020 4958 1221 5020 etiam
1253 4954 1522 5038 singula
1551 4952 1775 5032 verba,
1824 4971 1971 5036 quae
2003 4950 2085 5014 ab
2117 4950 2200 5012 iis
2228 4947 2668 5033 proferuntur,
2714 4953 3031 5010 annotare
3076 4949 3348 5031 possint.
3412 4948 3645 5014 Solent
3691 4959 3828 5015 tum
3876 4952 4233 5036 aliquando
4280 4960 4347 5016 et
4389 4951 4544 5015 aliis

1020 5089 1239 5154 verbis
1283 5109 1468 5152 suam
1514 5084 1893 5171 significare
1938 5083 2355 5159 sententiam,
2402 5080 2516 5145 sed
2561 5079 2628 5144 id
2674 5080 2960 5144 brevius.
3073 5081 3327 5144 Praeter
3371 5082 3511 5146 haec
3563 5083 3644 5149 D.
3691 5083 3979 5147 Michael
4027 5083 4254 5168 Pagus
4297 5082 4542 5146 librum

1018 5223 1519 5287 Institutionum
1564 5221 1623 5283 2.
1670 5219 1985 5304 privatim
2028 5216 2381 5303 legendum
2424 5215 2737 5300 suscepit,
2783 5215 2889 5278 cui
2933 5213 3178 5300 singuli
3223 5214 3558 5279 auditores
3586 5236 3703 5301 pro
3751 5237 3826 5279 eo
3873 5215 4260 5301 explicando
4308 5235 4545 5279 aureos

1022 5357 1182 5420 duos
1212 5355 1504 5426 solvunt:
1551 5352 1816 5416 docebit
1846 5357 2071 5414 autem
2101 5351 2158 5413 is
2191 5347 2486 5434 quotidie
2526 5371 2737 5435 neque
2769 5350 3119 5413 lectionem
3149 5348 3350 5413 ullam
3381 5355 3653 5434 propter
3683 5349 3885 5413 festos
3908 5348 4066 5429 dies,
4115 5349 4239 5413 nisi
4272 5347 4541 5412 celebri-

1023 5510 1169 5554 ores
1213 5489 1368 5568 sint,
1415 5486 1764 5563 ommittet‚
1814 5485 1973 5567 quin
2020 5490 2090 5548 et
2133 5481 2445 5548 dictando
2492 5505 2750 5569 quoque
2798 5482 3075 5548 eundem
3114 5483 3354 5548 librum
3396 5481 3777 5568 explicabit.
3866 5482 4082 5546 Huius
4113 5481 4431 5546 lectiones
4463 5503 4546 5547 ex

2691 5685 4732 5714 —.——————-————.-———-.——-————J
