<?xml version="1.0" encoding="UTF-8"?>
<!DOCTYPE html PUBLIC "-//W3C//DTD XHTML 1.0 Transitional//EN"
    "http://www.w3.org/TR/xhtml1/DTD/xhtml1-transitional.dtd">
<html xmlns="http://www.w3.org/1999/xhtml" xml:lang="en" lang="en">
 <head>
  <title>
</title>
<meta http-equiv="Content-Type" content="text/html;charset=utf-8" />
  <meta name='ocr-system' content='tesseract 3.04.00' />
  <meta name='ocr-capabilities' content='ocr_page ocr_carea ocr_par ocr_line ocrx_word'/>
</head>
<body>
  <div class='ocr_page' id='page_1' title='image "bonifaciibasili00maehgoog_0033.png"; bbox 0 0 4914 6782; ppageno 0'>
   <div class='ocr_carea' id='block_1_1' title="bbox 2069 682 2149 745">
    <p class='ocr_par' dir='ltr' id='par_1_1' title="bbox 2069 682 2149 745">
     <span class='ocr_line' id='line_1_1' title="bbox 2069 682 2149 745; baseline 0.025 -2"><span class='ocrx_word' id='word_1_1' title='bbox 2069 682 2149 745; x_wconf 75' lang='lat'>:29</span> 
     </span>
    </p>
   </div>
   <div class='ocr_carea' id='block_1_2' title="bbox 1964 770 2249 777">
    <p class='ocr_par' dir='ltr' id='par_1_2' title="bbox 1964 770 2249 777">
     <span class='ocr_line' id='line_1_2' title="bbox 1964 770 2249 777; baseline 0 6005"><span class='ocrx_word' id='word_1_2' title='bbox 1964 770 2249 777; x_wconf 95' lang='lat' dir='ltr'> </span> 
     </span>
    </p>
   </div>
   <div class='ocr_carea' id='block_1_3' title="bbox 128 878 3879 5633">
    <p class='ocr_par' dir='ltr' id='par_1_3' title="bbox 346 878 3874 1235">
     <span class='ocr_line' id='line_1_3' title="bbox 350 878 3872 968; baseline 0 -22"><span class='ocrx_word' id='word_1_3' title='bbox 350 904 511 967; x_wconf 89' lang='lat' dir='ltr'>quos</span> <span class='ocrx_word' id='word_1_4' title='bbox 551 903 934 968; x_wconf 90' lang='lat' dir='ltr'>progressus</span> <span class='ocrx_word' id='word_1_5' title='bbox 961 883 1188 963; x_wconf 88' lang='lat' dir='ltr'>faciat,</span> <span class='ocrx_word' id='word_1_6' title='bbox 1233 879 1598 966; x_wconf 81' lang='lat' dir='ltr'>respondeo</span> <span class='ocrx_word' id='word_1_7' title='bbox 1646 885 1845 943; x_wconf 88' lang='lat' dir='ltr'>antea</span> <span class='ocrx_word' id='word_1_8' title='bbox 1889 879 2014 943; x_wconf 90' lang='lat' dir='ltr'>tibi</span> <span class='ocrx_word' id='word_1_9' title='bbox 2060 900 2441 964; x_wconf 90' lang='lat' dir='ltr'>responsum</span> <span class='ocrx_word' id='word_1_10' title='bbox 2489 901 2647 945; x_wconf 91' lang='lat' dir='ltr'>esse.</span> <span class='ocrx_word' id='word_1_11' title='bbox 2697 878 2888 954; x_wconf 83' lang='lat' dir='ltr'>Quod</span> <span class='ocrx_word' id='word_1_12' title='bbox 2935 881 3224 966; x_wconf 89' lang='lat' dir='ltr'>elogium</span> <span class='ocrx_word' id='word_1_13' title='bbox 3277 902 3494 945; x_wconf 92' lang='lat' dir='ltr'>meum</span> <span class='ocrx_word' id='word_1_14' title='bbox 3525 881 3872 946; x_wconf 85' lang='lat' dir='ltr'>brevitatis</span> 
     </span>
     <span class='ocr_line' id='line_1_4' title="bbox 346 1013 3871 1103; baseline 0 -23"><span class='ocrx_word' id='word_1_15' title='bbox 346 1019 567 1103; x_wconf 88' lang='lat' dir='ltr'>gratia</span> <span class='ocrx_word' id='word_1_16' title='bbox 609 1022 859 1100; x_wconf 88' lang='lat' dir='ltr'>repeto.</span> <span class='ocrx_word' id='word_1_17' title='bbox 925 1017 1219 1079; x_wconf 89' lang='lat' dir='ltr'>Primum</span> <span class='ocrx_word' id='word_1_18' title='bbox 1253 1015 1427 1079; x_wconf 90' lang='lat' dir='ltr'>enim</span> <span class='ocrx_word' id='word_1_19' title='bbox 1456 1013 1618 1077; x_wconf 91' lang='lat' dir='ltr'>mihi</span> <span class='ocrx_word' id='word_1_20' title='bbox 1660 1034 1957 1098; x_wconf 79' lang='lat' dir='ltr'>meaeque</span> <span class='ocrx_word' id='word_1_21' title='bbox 2003 1013 2276 1077; x_wconf 82' lang='lat' dir='ltr'>familiae</span> <span class='ocrx_word' id='word_1_22' title='bbox 2321 1034 2469 1077; x_wconf 88' lang='lat' dir='ltr'>eum</span> <span class='ocrx_word' id='word_1_23' title='bbox 2516 1034 2709 1096; x_wconf 88' lang='lat' dir='ltr'>quem</span> <span class='ocrx_word' id='word_1_24' title='bbox 2753 1014 3018 1098; x_wconf 83' lang='lat' dir='ltr'><strong>requiro</strong></span> <span class='ocrx_word' id='word_1_25' title='bbox 3066 1019 3134 1077; x_wconf 90' lang='lat' dir='ltr'>et</span> <span class='ocrx_word' id='word_1_26' title='bbox 3178 1013 3493 1078; x_wconf 82' lang='lat' dir='ltr'>honorem</span> <span class='ocrx_word' id='word_1_27' title='bbox 3539 1022 3609 1079; x_wconf 92' lang='lat' dir='ltr'>et</span> <span class='ocrx_word' id='word_1_28' title='bbox 3653 1015 3871 1080; x_wconf 91' lang='lat' dir='ltr'>obser-</span> 
     </span>
     <span class='ocr_line' id='line_1_5' title="bbox 346 1145 3874 1235; baseline 0 -23"><span class='ocrx_word' id='word_1_29' title='bbox 346 1150 642 1214; x_wconf 82' lang='lat' dir='ltr'>vantiam</span> <span class='ocrx_word' id='word_1_30' title='bbox 687 1155 977 1235; x_wconf 83' lang='lat' dir='ltr'>praestat,</span> <span class='ocrx_word' id='word_1_31' title='bbox 1029 1157 1103 1212; x_wconf 91' lang='lat' dir='ltr'>ut</span> <span class='ocrx_word' id='word_1_32' title='bbox 1144 1150 1214 1212; x_wconf 90' lang='lat' dir='ltr'>in</span> <span class='ocrx_word' id='word_1_33' title='bbox 1261 1149 1403 1233; x_wconf 93' lang='lat' dir='ltr'>ipso</span> <span class='ocrx_word' id='word_1_34' title='bbox 1450 1168 1606 1211; x_wconf 90' lang='lat' dir='ltr'>sane</span> <span class='ocrx_word' id='word_1_35' title='bbox 1652 1145 1821 1210; x_wconf 85' lang='lat' dir='ltr'>nihil</span> <span class='ocrx_word' id='word_1_36' title='bbox 1866 1146 2246 1226; x_wconf 82' lang='lat' dir='ltr'>desiderem,</span> <span class='ocrx_word' id='word_1_37' title='bbox 2292 1147 2403 1210; x_wconf 91' lang='lat' dir='ltr'>sed</span> <span class='ocrx_word' id='word_1_38' title='bbox 2450 1148 2675 1230; x_wconf 88' lang='lat' dir='ltr'>potius</span> <span class='ocrx_word' id='word_1_39' title='bbox 2722 1168 2868 1210; x_wconf 89' lang='lat' dir='ltr'>eum</span> <span class='ocrx_word' id='word_1_40' title='bbox 2914 1147 3066 1211; x_wconf 90' lang='lat' dir='ltr'>aliis</span> <span class='ocrx_word' id='word_1_41' title='bbox 3095 1149 3258 1213; x_wconf 91' lang='lat' dir='ltr'>meis</span> <span class='ocrx_word' id='word_1_42' title='bbox 3290 1149 3874 1215; x_wconf 79' lang='lat' dir='ltr'>contubernalibus</span> 
     </span>
    </p>

    <p class='ocr_par' dir='ltr' id='par_1_4' title="bbox 132 1200 3873 1500">
     <span class='ocr_line' id='line_1_6' title="bbox 132 1200 3873 1387; baseline 0 -40"><span class='ocrx_word' id='word_1_43' title='bbox 132 1200 135 1387; x_wconf 52' lang='grc'>1</span> <span class='ocrx_word' id='word_1_44' title='bbox 348 1283 717 1368; x_wconf 82' lang='lat' dir='ltr'>exemplum</span> <span class='ocrx_word' id='word_1_45' title='bbox 773 1303 1135 1367; x_wconf 87' lang='lat' dir='ltr'>proponam</span> <span class='ocrx_word' id='word_1_46' title='bbox 1189 1279 1272 1344; x_wconf 90' lang='lat' dir='ltr'>ad</span> <span class='ocrx_word' id='word_1_47' title='bbox 1330 1279 1740 1344; x_wconf 89' lang='lat' dir='ltr'>imitandum.</span> <span class='ocrx_word' id='word_1_48' title='bbox 1844 1277 2097 1343; x_wconf 89' lang='lat' dir='ltr'>Studiis</span> <span class='ocrx_word' id='word_1_49' title='bbox 2151 1280 2323 1342; x_wconf 91' lang='lat' dir='ltr'>enim</span> <span class='ocrx_word' id='word_1_50' title='bbox 2376 1287 2478 1342; x_wconf 89' lang='lat' dir='ltr'>est</span> <span class='ocrx_word' id='word_1_51' title='bbox 2531 1279 2995 1361; x_wconf 88' lang='lat' dir='ltr'>deditissimus,</span> <span class='ocrx_word' id='word_1_52' title='bbox 3054 1289 3130 1345; x_wconf 92' lang='lat' dir='ltr'>ut</span> <span class='ocrx_word' id='word_1_53' title='bbox 3175 1283 3471 1366; x_wconf 88' lang='lat' dir='ltr'>profecto</span> <span class='ocrx_word' id='word_1_54' title='bbox 3516 1282 3873 1366; x_wconf 90' lang='lat' dir='ltr'>aliquando</span> 
     </span>
     <span class='ocr_line' id='line_1_7' title="bbox 346 1409 3871 1500; baseline 0 -23"><span class='ocrx_word' id='word_1_55' title='bbox 346 1414 531 1477; x_wconf 89' lang='lat' dir='ltr'>freno</span> <span class='ocrx_word' id='word_1_56' title='bbox 578 1415 799 1500; x_wconf 89' lang='lat' dir='ltr'>potius</span> <span class='ocrx_word' id='word_1_57' title='bbox 844 1436 1042 1499; x_wconf 83' lang='lat' dir='ltr'>quam</span> <span class='ocrx_word' id='word_1_58' title='bbox 1090 1411 1460 1478; x_wconf 89' lang='lat' dir='ltr'>calcaribus</span> <span class='ocrx_word' id='word_1_59' title='bbox 1502 1411 1822 1497; x_wconf 75' lang='lat' dir='ltr'>indigeat,</span> <span class='ocrx_word' id='word_1_60' title='bbox 1880 1410 2052 1473; x_wconf 84' lang='lat' dir='ltr'>sicut</span> <span class='ocrx_word' id='word_1_61' title='bbox 2096 1416 2197 1472; x_wconf 89' lang='lat' dir='ltr'>est</span> <span class='ocrx_word' id='word_1_62' title='bbox 2240 1414 2481 1472; x_wconf 88' lang='lat' dir='ltr'>natura</span> <span class='ocrx_word' id='word_1_63' title='bbox 2527 1414 2595 1471; x_wconf 90' lang='lat' dir='ltr'>et</span> <span class='ocrx_word' id='word_1_64' title='bbox 2638 1409 2905 1493; x_wconf 89' lang='lat' dir='ltr'>ingenio</span> <span class='ocrx_word' id='word_1_65' title='bbox 2960 1411 3209 1494; x_wconf 89' lang='lat' dir='ltr'>sedat0,</span> <span class='ocrx_word' id='word_1_66' title='bbox 3257 1413 3617 1497; x_wconf 89' lang='lat' dir='ltr'>tranquillo</span> <span class='ocrx_word' id='word_1_67' title='bbox 3665 1419 3734 1477; x_wconf 93' lang='lat' dir='ltr'>et</span> <span class='ocrx_word' id='word_1_68' title='bbox 3774 1413 3871 1476; x_wconf 89' lang='lat' dir='ltr'>ni-</span> 
     </span>
    </p>

    <p class='ocr_par' dir='ltr' id='par_1_5' title="bbox 132 1504 3873 1632">
     <span class='ocr_line' id='line_1_8' title="bbox 132 1504 3873 1632; baseline 0 -23"><span class='ocrx_word' id='word_1_69' title='bbox 132 1504 137 1603; x_wconf 73' lang='lat' dir='ltr'>l</span> <span class='ocrx_word' id='word_1_70' title='bbox 346 1547 549 1610; x_wconf 89' lang='lat' dir='ltr'>mium</span> <span class='ocrx_word' id='word_1_71' title='bbox 596 1569 712 1632; x_wconf 90' lang='lat' dir='ltr'>pro</span> <span class='ocrx_word' id='word_1_72' title='bbox 756 1546 878 1610; x_wconf 88' lang='lat' dir='ltr'>illa</span> <span class='ocrx_word' id='word_1_73' title='bbox 911 1551 1110 1611; x_wconf 86' lang='lat' dir='ltr'>aetate</span> <span class='ocrx_word' id='word_1_74' title='bbox 1142 1544 1638 1610; x_wconf 88' lang='lat' dir='ltr'>melancholico.</span> <span class='ocrx_word' id='word_1_75' title='bbox 1708 1542 1947 1628; x_wconf 89' lang='lat' dir='ltr'>Itaque</span> <span class='ocrx_word' id='word_1_76' title='bbox 1988 1563 2158 1627; x_wconf 81' lang='lat' dir='ltr'>soepe</span> <span class='ocrx_word' id='word_1_77' title='bbox 2203 1542 2363 1606; x_wconf 91' lang='lat' dir='ltr'>mihi</span> <span class='ocrx_word' id='word_1_78' title='bbox 2405 1542 2488 1605; x_wconf 88' lang='lat' dir='ltr'>ad</span> <span class='ocrx_word' id='word_1_79' title='bbox 2522 1543 2939 1608; x_wconf 82' lang='lat' dir='ltr'>alacritatem</span> <span class='ocrx_word' id='word_1_80' title='bbox 2971 1544 3303 1629; x_wconf 85' lang='lat' dir='ltr'>quandum</span> <span class='ocrx_word' id='word_1_81' title='bbox 3336 1552 3437 1611; x_wconf 87' lang='lat' dir='ltr'>est</span> <span class='ocrx_word' id='word_1_82' title='bbox 3468 1544 3873 1610; x_wconf 62' lang='lat' dir='ltr'>excitandus</span> 
     </span>
    </p>

    <p class='ocr_par' dir='ltr' id='par_1_6' title="bbox 131 1656 3879 2701">
     <span class='ocr_line' id='line_1_9' title="bbox 131 1656 3875 1807; baseline -0.001 -61"><span class='ocrx_word' id='word_1_83' title='bbox 131 1656 135 1807; x_wconf 45' lang='lat' dir='ltr'><strong>j</strong></span> <span class='ocrx_word' id='word_1_84' title='bbox 348 1681 545 1745; x_wconf 89' lang='lat' dir='ltr'>Nosti</span> <span class='ocrx_word' id='word_1_85' title='bbox 603 1681 774 1745; x_wconf 89' lang='lat' dir='ltr'>enim</span> <span class='ocrx_word' id='word_1_86' title='bbox 820 1678 1261 1745; x_wconf 85' lang='lat' dir='ltr'>Catonianum</span> <span class='ocrx_word' id='word_1_87' title='bbox 1305 1677 1472 1741; x_wconf 89' lang='lat' dir='ltr'>illud</span> <span class='ocrx_word' id='word_1_88' title='bbox 1520 1683 1936 1762; x_wconf 77' lang='lat' dir='ltr'>praeceptum,</span> <span class='ocrx_word' id='word_1_89' title='bbox 1979 1675 2457 1761; x_wconf 89' lang='lat' dir='ltr'>interponenda</span> <span class='ocrx_word' id='word_1_90' title='bbox 2502 1677 2829 1740; x_wconf 89' lang='lat' dir='ltr'>interdum</span> <span class='ocrx_word' id='word_1_91' title='bbox 2877 1678 3052 1741; x_wconf 91' lang='lat' dir='ltr'>curis</span> <span class='ocrx_word' id='word_1_92' title='bbox 3097 1699 3234 1742; x_wconf 91' lang='lat' dir='ltr'>esse</span> <span class='ocrx_word' id='word_1_93' title='bbox 3279 1679 3546 1764; x_wconf 86' lang='lat' dir='ltr'>gaudia.</span> <span class='ocrx_word' id='word_1_94' title='bbox 3635 1678 3875 1763; x_wconf 88' lang='lat' dir='ltr'>Itaque</span> 
     </span>
     <span class='ocr_line' id='line_1_10' title="bbox 348 1809 3877 1896; baseline -0.001 -17"><span class='ocrx_word' id='word_1_95' title='bbox 348 1836 493 1879; x_wconf 91' lang='lat' dir='ltr'>meo</span> <span class='ocrx_word' id='word_1_96' title='bbox 537 1837 732 1879; x_wconf 89' lang='lat' dir='ltr'>suasu</span> <span class='ocrx_word' id='word_1_97' title='bbox 773 1815 1040 1878; x_wconf 84' lang='lat' dir='ltr'>musicis</span> <span class='ocrx_word' id='word_1_98' title='bbox 1085 1811 1504 1877; x_wconf 88' lang='lat' dir='ltr'>cantionibus</span> <span class='ocrx_word' id='word_1_99' title='bbox 1550 1832 1816 1896; x_wconf 84' lang='lat' dir='ltr'>operam</span> <span class='ocrx_word' id='word_1_100' title='bbox 1863 1811 1994 1885; x_wconf 80' lang='lat' dir='ltr'>dat,</span> <span class='ocrx_word' id='word_1_101' title='bbox 2043 1811 2281 1895; x_wconf 89' lang='lat' dir='ltr'>quibus</span> <span class='ocrx_word' id='word_1_102' title='bbox 2327 1809 2705 1896; x_wconf 80' lang='lat' dir='ltr'>depellatur</span> <span class='ocrx_word' id='word_1_103' title='bbox 2748 1810 2869 1874; x_wconf 89' lang='lat' dir='ltr'>illa</span> <span class='ocrx_word' id='word_1_104' title='bbox 2908 1811 3346 1875; x_wconf 86' lang='lat' dir='ltr'>melancholia</span> <span class='ocrx_word' id='word_1_105' title='bbox 3386 1820 3454 1876; x_wconf 92' lang='lat' dir='ltr'>et</span> <span class='ocrx_word' id='word_1_106' title='bbox 3499 1814 3877 1877; x_wconf 83' lang='lat' dir='ltr'>excitentur</span> 
     </span>
     <span class='ocr_line' id='line_1_11' title="bbox 346 1942 3875 2029; baseline -0.001 -17"><span class='ocrx_word' id='word_1_107' title='bbox 346 1949 622 2012; x_wconf 87' lang='lat' dir='ltr'>iuvenes</span> <span class='ocrx_word' id='word_1_108' title='bbox 653 1948 733 2010; x_wconf 89' lang='lat' dir='ltr'>ad</span> <span class='ocrx_word' id='word_1_109' title='bbox 765 1946 1109 2011; x_wconf 89' lang='lat' dir='ltr'>honestam</span> <span class='ocrx_word' id='word_1_110' title='bbox 1147 1946 1586 2010; x_wconf 88' lang='lat' dir='ltr'>alacritatem.</span> <span class='ocrx_word' id='word_1_111' title='bbox 1621 1942 1769 2018; x_wconf 83' lang='lat' dir='ltr'>Qua</span> <span class='ocrx_word' id='word_1_112' title='bbox 1799 1944 1867 2007; x_wconf 92' lang='lat' dir='ltr'>in</span> <span class='ocrx_word' id='word_1_113' title='bbox 1899 1965 1968 2008; x_wconf 89' lang='lat' dir='ltr'>re</span> <span class='ocrx_word' id='word_1_114' title='bbox 2001 1943 2263 2006; x_wconf 87' lang='lat' dir='ltr'>modum</span> <span class='ocrx_word' id='word_1_115' title='bbox 2297 1964 2425 2005; x_wconf 92' lang='lat' dir='ltr'>non</span> <span class='ocrx_word' id='word_1_116' title='bbox 2461 1943 2743 2024; x_wconf 84' lang='lat' dir='ltr'>excedit,</span> <span class='ocrx_word' id='word_1_117' title='bbox 2777 1950 2852 2008; x_wconf 91' lang='lat' dir='ltr'>ut</span> <span class='ocrx_word' id='word_1_118' title='bbox 2877 1952 3222 2029; x_wconf 91' lang='lat' dir='ltr'>paternam</span> <span class='ocrx_word' id='word_1_119' title='bbox 3253 1945 3438 2008; x_wconf 88' lang='lat' dir='ltr'>illam</span> <span class='ocrx_word' id='word_1_120' title='bbox 3470 1945 3875 2010; x_wconf 89' lang='lat' dir='ltr'>laudabilem</span> 
     </span>
     <span class='ocr_line' id='line_1_12' title="bbox 348 2076 3875 2150; baseline -0 -5"><span class='ocrx_word' id='word_1_121' title='bbox 348 2080 687 2145; x_wconf 71' lang='grc' dir='ltr'><em>ἐπιεικέσιν</em></span> <span class='ocrx_word' id='word_1_122' title='bbox 729 2082 1116 2145; x_wconf 88' lang='lat' dir='ltr'>imitaturus</span> <span class='ocrx_word' id='word_1_123' title='bbox 1159 2089 1227 2144; x_wconf 92' lang='lat' dir='ltr'>et</span> <span class='ocrx_word' id='word_1_124' title='bbox 1273 2085 1657 2144; x_wconf 84' lang='lat' dir='ltr'>servaturus</span> <span class='ocrx_word' id='word_1_125' title='bbox 1700 2099 1838 2142; x_wconf 89' lang='lat' dir='ltr'>esse</span> <span class='ocrx_word' id='word_1_126' title='bbox 1882 2078 2209 2141; x_wconf 80' lang='lat' dir='ltr'>videatur.</span> <span class='ocrx_word' id='word_1_127' title='bbox 2300 2076 2492 2150; x_wconf 83' lang='lat' dir='ltr'>Quod</span> <span class='ocrx_word' id='word_1_128' title='bbox 2537 2079 2784 2141; x_wconf 87' lang='lat' dir='ltr'>attinet</span> <span class='ocrx_word' id='word_1_129' title='bbox 2825 2077 2906 2140; x_wconf 88' lang='lat' dir='ltr'>ad</span> <span class='ocrx_word' id='word_1_130' title='bbox 2951 2079 3271 2142; x_wconf 90' lang='lat' dir='ltr'>rationem</span> <span class='ocrx_word' id='word_1_131' title='bbox 3319 2079 3684 2143; x_wconf 89' lang='lat' dir='ltr'>studiorum</span> <span class='ocrx_word' id='word_1_132' title='bbox 3729 2103 3875 2145; x_wconf 88' lang='lat' dir='ltr'>suo-</span> 
     </span>
     <span class='ocr_line' id='line_1_13' title="bbox 348 2209 3876 2297; baseline -0.001 -19"><span class='ocrx_word' id='word_1_133' title='bbox 348 2236 513 2287; x_wconf 87' lang='lat' dir='ltr'>rum,</span> <span class='ocrx_word' id='word_1_134' title='bbox 560 2216 899 2278; x_wconf 89' lang='lat' dir='ltr'>consentio</span> <span class='ocrx_word' id='word_1_135' title='bbox 942 2213 1079 2277; x_wconf 87' lang='lat' dir='ltr'>fere</span> <span class='ocrx_word' id='word_1_136' title='bbox 1127 2212 1469 2294; x_wconf 82' lang='lat' dir='ltr'>Gribaldo,</span> <span class='ocrx_word' id='word_1_137' title='bbox 1517 2212 1643 2275; x_wconf 92' lang='lat' dir='ltr'>nisi</span> <span class='ocrx_word' id='word_1_138' title='bbox 1688 2209 1861 2295; x_wconf 91' lang='lat' dir='ltr'>quod</span> <span class='ocrx_word' id='word_1_139' title='bbox 1902 2211 2221 2275; x_wconf 88' lang='lat' dir='ltr'>nonnulla</span> <span class='ocrx_word' id='word_1_140' title='bbox 2265 2213 2320 2274; x_wconf 92' lang='lat' dir='ltr'>is</span> <span class='ocrx_word' id='word_1_141' title='bbox 2365 2211 2529 2275; x_wconf 88' lang='lat' dir='ltr'>mihi</span> <span class='ocrx_word' id='word_1_142' title='bbox 2563 2209 2873 2274; x_wconf 83' lang='lat' dir='ltr'>videatur</span> <span class='ocrx_word' id='word_1_143' title='bbox 2917 2212 3310 2294; x_wconf 79' lang='lat' dir='ltr'>exquisitius</span> <span class='ocrx_word' id='word_1_144' title='bbox 3354 2233 3470 2275; x_wconf 89' lang='lat' dir='ltr'>suo</span> <span class='ocrx_word' id='word_1_145' title='bbox 3516 2214 3738 2297; x_wconf 89' lang='lat' dir='ltr'>potius</span> <span class='ocrx_word' id='word_1_146' title='bbox 3779 2214 3876 2276; x_wconf 91' lang='lat' dir='ltr'>in-</span> 
     </span>
     <span class='ocr_line' id='line_1_14' title="bbox 348 2344 3877 2435; baseline -0.001 -21"><span class='ocrx_word' id='word_1_147' title='bbox 348 2351 545 2435; x_wconf 90' lang='lat' dir='ltr'>genio</span> <span class='ocrx_word' id='word_1_148' title='bbox 591 2370 787 2433; x_wconf 88' lang='lat' dir='ltr'>quam</span> <span class='ocrx_word' id='word_1_149' title='bbox 822 2347 1102 2411; x_wconf 89' lang='lat' dir='ltr'>aliorum</span> <span class='ocrx_word' id='word_1_150' title='bbox 1135 2346 1601 2410; x_wconf 89' lang='lat' dir='ltr'>convenientia</span> <span class='ocrx_word' id='word_1_151' title='bbox 1643 2344 1926 2409; x_wconf 89' lang='lat' dir='ltr'>tradere.</span> <span class='ocrx_word' id='word_1_152' title='bbox 2014 2345 2161 2430; x_wconf 87' lang='lat' dir='ltr'>Ego</span> <span class='ocrx_word' id='word_1_153' title='bbox 2208 2347 2578 2430; x_wconf 86' lang='lat' dir='ltr'>simplicem</span> <span class='ocrx_word' id='word_1_154' title='bbox 2625 2345 2793 2408; x_wconf 90' lang='lat' dir='ltr'>hanc</span> <span class='ocrx_word' id='word_1_155' title='bbox 2837 2346 3015 2408; x_wconf 82' lang='lat' dir='ltr'>viam</span> <span class='ocrx_word' id='word_1_156' title='bbox 3044 2345 3392 2429; x_wconf 88' lang='lat' dir='ltr'>tyronibus</span> <span class='ocrx_word' id='word_1_157' title='bbox 3428 2349 3671 2411; x_wconf 88' lang='lat' dir='ltr'>nostris</span> <span class='ocrx_word' id='word_1_158' title='bbox 3700 2348 3877 2413; x_wconf 91' lang='lat' dir='ltr'>soleo</span> 
     </span>
     <span class='ocr_line' id='line_1_15' title="bbox 350 2480 3876 2568; baseline 0 -21"><span class='ocrx_word' id='word_1_159' title='bbox 350 2482 825 2563; x_wconf 87' lang='lat' dir='ltr'>commendare,</span> <span class='ocrx_word' id='word_1_160' title='bbox 888 2489 965 2546; x_wconf 89' lang='lat' dir='ltr'>ut</span> <span class='ocrx_word' id='word_1_161' title='bbox 1019 2482 1295 2546; x_wconf 90' lang='lat' dir='ltr'>delectis</span> <span class='ocrx_word' id='word_1_162' title='bbox 1353 2481 1633 2566; x_wconf 87' lang='lat' dir='ltr'>primum</span> <span class='ocrx_word' id='word_1_163' title='bbox 1694 2480 2071 2544; x_wconf 89' lang='lat' dir='ltr'>doctoribus</span> <span class='ocrx_word' id='word_1_164' title='bbox 2129 2502 2290 2564; x_wconf 89' lang='lat' dir='ltr'>quos</span> <span class='ocrx_word' id='word_1_165' title='bbox 2332 2480 2631 2553; x_wconf 87' lang='lat' dir='ltr'>audiant,</span> <span class='ocrx_word' id='word_1_166' title='bbox 2678 2481 2933 2545; x_wconf 87' lang='lat' dir='ltr'>dictata</span> <span class='ocrx_word' id='word_1_167' title='bbox 2976 2490 3452 2566; x_wconf 74' lang='lat' dir='ltr'>praeceptorum</span> <span class='ocrx_word' id='word_1_168' title='bbox 3500 2483 3876 2568; x_wconf 83' lang='lat' dir='ltr'>diligenter,</span> 
     </span>
     <span class='ocr_line' id='line_1_16' title="bbox 350 2614 3879 2701; baseline 0 -22"><span class='ocrx_word' id='word_1_169' title='bbox 350 2615 567 2699; x_wconf 88' lang='lat' dir='ltr'>quoad</span> <span class='ocrx_word' id='word_1_170' title='bbox 625 2617 765 2680; x_wconf 89' lang='lat' dir='ltr'>eius</span> <span class='ocrx_word' id='word_1_171' title='bbox 820 2616 964 2680; x_wconf 91' lang='lat' dir='ltr'>fieri</span> <span class='ocrx_word' id='word_1_172' title='bbox 1019 2621 1257 2700; x_wconf 89' lang='lat' dir='ltr'>potest,</span> <span class='ocrx_word' id='word_1_173' title='bbox 1323 2615 1680 2699; x_wconf 82' lang='lat' dir='ltr'>excipiant,</span> <span class='ocrx_word' id='word_1_174' title='bbox 1736 2615 1909 2677; x_wconf 90' lang='lat' dir='ltr'>domi</span> <span class='ocrx_word' id='word_1_175' title='bbox 1963 2619 2273 2698; x_wconf 87' lang='lat' dir='ltr'>repetant</span> <span class='ocrx_word' id='word_1_176' title='bbox 2340 2620 2408 2676; x_wconf 89' lang='lat' dir='ltr'>et</span> <span class='ocrx_word' id='word_1_177' title='bbox 2449 2614 2548 2676; x_wconf 85' lang='lat' dir='ltr'>ita</span> <span class='ocrx_word' id='word_1_178' title='bbox 2591 2620 2919 2698; x_wconf 86' lang='lat' dir='ltr'>repetant,</span> <span class='ocrx_word' id='word_1_179' title='bbox 2963 2622 3037 2678; x_wconf 91' lang='grc' dir='ltr'>υτ</span> <span class='ocrx_word' id='word_1_180' title='bbox 3096 2616 3162 2678; x_wconf 89' lang='lat' dir='ltr'>in</span> <span class='ocrx_word' id='word_1_181' title='bbox 3204 2616 3535 2700; x_wconf 88' lang='lat' dir='ltr'>allegatas</span> <span class='ocrx_word' id='word_1_182' title='bbox 3581 2616 3764 2701; x_wconf 88' lang='lat' dir='ltr'>leges</span> <span class='ocrx_word' id='word_1_183' title='bbox 3810 2622 3879 2680; x_wconf 88' lang='lat' dir='ltr'>et</span> 
     </span>
    </p>

    <p class='ocr_par' dir='ltr' id='par_1_7' title="bbox 130 2674 3879 2833">
     <span class='ocr_line' id='line_1_17' title="bbox 130 2674 3879 2833; baseline 0 -22"><span class='ocrx_word' id='word_1_184' title='bbox 130 2674 133 2795; x_wconf 63' lang='grc'>1</span> <span class='ocrx_word' id='word_1_185' title='bbox 348 2747 606 2833; x_wconf 87' lang='lat' dir='ltr'>glossas</span> <span class='ocrx_word' id='word_1_186' title='bbox 652 2770 874 2813; x_wconf 88' lang='lat' dir='ltr'>omnes</span> <span class='ocrx_word' id='word_1_187' title='bbox 918 2749 1278 2832; x_wconf 77' lang='lat' dir='ltr'>inquirant,</span> <span class='ocrx_word' id='word_1_188' title='bbox 1323 2749 1650 2832; x_wconf 87' lang='lat' dir='ltr'>tantisper</span> <span class='ocrx_word' id='word_1_189' title='bbox 1693 2747 1845 2809; x_wconf 90' lang='lat' dir='ltr'>dum</span> <span class='ocrx_word' id='word_1_190' title='bbox 1878 2747 2148 2811; x_wconf 87' lang='lat' dir='ltr'>videant</span> <span class='ocrx_word' id='word_1_191' title='bbox 2179 2746 2505 2826; x_wconf 90' lang='lat' dir='ltr'>effectum,</span> <span class='ocrx_word' id='word_1_192' title='bbox 2551 2746 2634 2809; x_wconf 89' lang='lat' dir='ltr'>ad</span> <span class='ocrx_word' id='word_1_193' title='bbox 2682 2769 2872 2831; x_wconf 89' lang='lat' dir='ltr'>quem</span> <span class='ocrx_word' id='word_1_194' title='bbox 2920 2756 3074 2812; x_wconf 88' lang='lat' dir='ltr'>sunt</span> <span class='ocrx_word' id='word_1_195' title='bbox 3118 2748 3448 2833; x_wconf 82' lang='lat' dir='ltr'>allegatae,</span> <span class='ocrx_word' id='word_1_196' title='bbox 3494 2749 3753 2833; x_wconf 89' lang='lat' dir='ltr'>reliqua</span> <span class='ocrx_word' id='word_1_197' title='bbox 3797 2770 3879 2813; x_wconf 89' lang='lat' dir='ltr'>ex</span> 
     </span>
    </p>

    <p class='ocr_par' dir='ltr' id='par_1_8' title="bbox 132 2858 3879 2991">
     <span class='ocr_line' id='line_1_18' title="bbox 132 2858 3879 2991; baseline 0 -46"><span class='ocrx_word' id='word_1_198' title='bbox 132 2858 137 2991; x_wconf 46' lang='lat' dir='ltr'><strong>j</strong></span> <span class='ocrx_word' id='word_1_199' title='bbox 350 2881 734 2946; x_wconf 88' lang='lat' dir='ltr'>doctoribus</span> <span class='ocrx_word' id='word_1_200' title='bbox 805 2890 875 2946; x_wconf 91' lang='lat' dir='ltr'>et</span> <span class='ocrx_word' id='word_1_201' title='bbox 926 2881 1370 2946; x_wconf 88' lang='lat' dir='ltr'>scribentibus</span> <span class='ocrx_word' id='word_1_202' title='bbox 1415 2881 1703 2944; x_wconf 87' lang='lat' dir='ltr'>adducta</span> <span class='ocrx_word' id='word_1_203' title='bbox 1759 2882 2142 2946; x_wconf 89' lang='lat' dir='ltr'>testimonia</span> <span class='ocrx_word' id='word_1_204' title='bbox 2182 2888 2694 2965; x_wconf 66' lang='lat' dir='ltr'>praesupponant</span> <span class='ocrx_word' id='word_1_205' title='bbox 2739 2901 2876 2944; x_wconf 90' lang='lat' dir='ltr'>esse</span> <span class='ocrx_word' id='word_1_206' title='bbox 2923 2901 3099 2943; x_wconf 86' lang='lat' dir='ltr'>vera.</span> <span class='ocrx_word' id='word_1_207' title='bbox 3188 2880 3358 2944; x_wconf 86' lang='lat' dir='ltr'>Nam</span> <span class='ocrx_word' id='word_1_208' title='bbox 3403 2902 3530 2945; x_wconf 89' lang='lat' dir='ltr'>non</span> <span class='ocrx_word' id='word_1_209' title='bbox 3575 2882 3703 2945; x_wconf 87' lang='lat' dir='ltr'>nisi</span> <span class='ocrx_word' id='word_1_210' title='bbox 3746 2882 3879 2946; x_wconf 88' lang='lat' dir='ltr'>iam</span> 
     </span>
    </p>

    <p class='ocr_par' dir='ltr' id='par_1_9' title="bbox 136 3011 3878 3100">
     <span class='ocr_line' id='line_1_19' title="bbox 136 3011 3878 3100; baseline 0 -21"><span class='ocrx_word' id='word_1_211' title='bbox 136 3020 139 3073; x_wconf 76' lang='lat' dir='ltr'>l</span> <span class='ocrx_word' id='word_1_212' title='bbox 346 3016 773 3080; x_wconf 88' lang='lat' dir='ltr'>mediocriter</span> <span class='ocrx_word' id='word_1_213' title='bbox 817 3016 1093 3079; x_wconf 88' lang='lat' dir='ltr'>imbutis</span> <span class='ocrx_word' id='word_1_214' title='bbox 1146 3037 1334 3079; x_wconf 90' lang='lat' dir='ltr'>usum</span> <span class='ocrx_word' id='word_1_215' title='bbox 1391 3015 1731 3079; x_wconf 90' lang='lat' dir='ltr'>doctorum</span> <span class='ocrx_word' id='word_1_216' title='bbox 1792 3013 2096 3089; x_wconf 85' lang='lat' dir='ltr'>concedo,</span> <span class='ocrx_word' id='word_1_217' title='bbox 2160 3020 2234 3076; x_wconf 88' lang='lat' dir='ltr'>ut</span> <span class='ocrx_word' id='word_1_218' title='bbox 2281 3034 2408 3096; x_wconf 90' lang='lat' dir='ltr'>quo</span> <span class='ocrx_word' id='word_1_219' title='bbox 2455 3018 2725 3094; x_wconf 86' lang='lat' dir='ltr'>tyrones</span> <span class='ocrx_word' id='word_1_220' title='bbox 2780 3011 3088 3096; x_wconf 89' lang='lat' dir='ltr'>impediri</span> <span class='ocrx_word' id='word_1_221' title='bbox 3147 3020 3214 3077; x_wconf 92' lang='lat' dir='ltr'>et</span> <span class='ocrx_word' id='word_1_222' title='bbox 3265 3013 3598 3098; x_wconf 87' lang='lat' dir='ltr'>implicari</span> <span class='ocrx_word' id='word_1_223' title='bbox 3656 3016 3878 3100; x_wconf 88' lang='lat' dir='ltr'>potius</span> 
     </span>
    </p>

    <p class='ocr_par' dir='ltr' id='par_1_10' title="bbox 137 3136 3879 4301">
     <span class='ocr_line' id='line_1_20' title="bbox 137 3136 3878 3233; baseline -0.001 -21"><span class='ocrx_word' id='word_1_224' title='bbox 137 3136 140 3187; x_wconf 59' lang='grc'>1</span> <span class='ocrx_word' id='word_1_225' title='bbox 349 3149 574 3212; x_wconf 85' lang='lat' dir='ltr'>iudico</span> <span class='ocrx_word' id='word_1_226' title='bbox 633 3170 827 3233; x_wconf 87' lang='lat' dir='ltr'>quam</span> <span class='ocrx_word' id='word_1_227' title='bbox 885 3149 1124 3211; x_wconf 88' lang='lat' dir='ltr'>iuvari.</span> <span class='ocrx_word' id='word_1_228' title='bbox 1230 3147 1566 3233; x_wconf 88' lang='lat' dir='ltr'>Imprimis</span> <span class='ocrx_word' id='word_1_229' title='bbox 1621 3154 1840 3210; x_wconf 89' lang='lat' dir='ltr'>autem</span> <span class='ocrx_word' id='word_1_230' title='bbox 1905 3145 2236 3208; x_wconf 89' lang='lat' dir='ltr'>cohortari</span> <span class='ocrx_word' id='word_1_231' title='bbox 2284 3165 2394 3207; x_wconf 88' lang='lat' dir='ltr'>eos</span> <span class='ocrx_word' id='word_1_232' title='bbox 2433 3145 2612 3208; x_wconf 90' lang='lat' dir='ltr'>soleo</span> <span class='ocrx_word' id='word_1_233' title='bbox 2659 3144 2741 3208; x_wconf 92' lang='lat' dir='ltr'>ad</span> <span class='ocrx_word' id='word_1_234' title='bbox 2784 3145 3135 3209; x_wconf 90' lang='lat' dir='ltr'>lectionem</span> <span class='ocrx_word' id='word_1_235' title='bbox 3182 3145 3676 3231; x_wconf 88' lang='lat' dir='ltr'>pandectarum,</span> <span class='ocrx_word' id='word_1_236' title='bbox 3734 3167 3878 3230; x_wconf 85' lang='lat' dir='ltr'>quae</span> 
     </span>
     <span class='ocr_line' id='line_1_21' title="bbox 349 3277 3879 3361; baseline -0.001 -16"><span class='ocrx_word' id='word_1_237' title='bbox 349 3287 599 3347; x_wconf 89' lang='lat' dir='ltr'>rectam</span> <span class='ocrx_word' id='word_1_238' title='bbox 643 3283 965 3346; x_wconf 90' lang='lat' dir='ltr'>rationem</span> <span class='ocrx_word' id='word_1_239' title='bbox 1034 3281 1541 3346; x_wconf 80' lang='lat' dir='ltr'>observantibus</span> <span class='ocrx_word' id='word_1_240' title='bbox 1602 3302 1728 3344; x_wconf 91' lang='lat' dir='ltr'>non</span> <span class='ocrx_word' id='word_1_241' title='bbox 1773 3281 1872 3343; x_wconf 88' lang='lat' dir='ltr'>ita</span> <span class='ocrx_word' id='word_1_242' title='bbox 1917 3277 2203 3342; x_wconf 86' lang='lat' dir='ltr'>difficilis</span> <span class='ocrx_word' id='word_1_243' title='bbox 2247 3286 2367 3359; x_wconf 89' lang='lat' dir='ltr'>est,</span> <span class='ocrx_word' id='word_1_244' title='bbox 2412 3285 2493 3343; x_wconf 62' lang='lat' dir='ltr'>&#39;et</span> <span class='ocrx_word' id='word_1_245' title='bbox 2532 3277 2728 3342; x_wconf 89' lang='lat' dir='ltr'>iubeo</span> <span class='ocrx_word' id='word_1_246' title='bbox 2778 3284 2851 3341; x_wconf 90' lang='lat' dir='ltr'>ut</span> <span class='ocrx_word' id='word_1_247' title='bbox 2894 3279 3277 3357; x_wconf 90' lang='lat' dir='ltr'>sententias,</span> <span class='ocrx_word' id='word_1_248' title='bbox 3343 3298 3506 3361; x_wconf 87' lang='lat' dir='ltr'>quas</span> <span class='ocrx_word' id='word_1_249' title='bbox 3551 3277 3879 3342; x_wconf 88' lang='lat' dir='ltr'>theoricas</span> 
     </span>
     <span class='ocr_line' id='line_1_22' title="bbox 348 3412 3877 3503; baseline -0.001 -23"><span class='ocrx_word' id='word_1_250' title='bbox 348 3440 466 3481; x_wconf 87' lang='lat' dir='ltr'>seu</span> <span class='ocrx_word' id='word_1_251' title='bbox 523 3417 791 3503; x_wconf 89' lang='lat' dir='ltr'>regulas</span> <span class='ocrx_word' id='word_1_252' title='bbox 838 3423 1111 3498; x_wconf 87' lang='lat' dir='ltr'>vocant,</span> <span class='ocrx_word' id='word_1_253' title='bbox 1169 3416 1528 3501; x_wconf 84' lang='lat' dir='ltr'>diligenter</span> <span class='ocrx_word' id='word_1_254' title='bbox 1573 3422 1895 3479; x_wconf 86' lang='lat' dir='ltr'>annotent</span> <span class='ocrx_word' id='word_1_255' title='bbox 1940 3421 2008 3478; x_wconf 91' lang='lat' dir='ltr'>et</span> <span class='ocrx_word' id='word_1_256' title='bbox 2052 3415 2119 3477; x_wconf 92' lang='lat' dir='ltr'>in</span> <span class='ocrx_word' id='word_1_257' title='bbox 2165 3414 2344 3477; x_wconf 90' lang='lat' dir='ltr'>locos</span> <span class='ocrx_word' id='word_1_258' title='bbox 2390 3435 2766 3477; x_wconf 88' lang='lat' dir='ltr'>communes</span> <span class='ocrx_word' id='word_1_259' title='bbox 2812 3412 3142 3498; x_wconf 87' lang='lat' dir='ltr'>redigant,</span> <span class='ocrx_word' id='word_1_260' title='bbox 3198 3415 3296 3476; x_wconf 88' lang='lat' dir='ltr'>ita</span> <span class='ocrx_word' id='word_1_261' title='bbox 3343 3420 3417 3476; x_wconf 91' lang='lat' dir='ltr'>ut</span> <span class='ocrx_word' id='word_1_262' title='bbox 3454 3419 3693 3498; x_wconf 79' lang='lat' dir='ltr'>praeter</span> <span class='ocrx_word' id='word_1_263' title='bbox 3739 3434 3877 3476; x_wconf 90' lang='lat' dir='ltr'>cor-</span> 
     </span>
     <span class='ocr_line' id='line_1_23' title="bbox 350 3546 3878 3637; baseline -0.001 -23"><span class='ocrx_word' id='word_1_264' title='bbox 350 3573 514 3637; x_wconf 89' lang='lat' dir='ltr'>pora</span> <span class='ocrx_word' id='word_1_265' title='bbox 557 3552 717 3614; x_wconf 90' lang='lat' dir='ltr'>iuris</span> <span class='ocrx_word' id='word_1_266' title='bbox 761 3550 917 3614; x_wconf 89' lang='lat' dir='ltr'>bina</span> <span class='ocrx_word' id='word_1_267' title='bbox 961 3551 1066 3635; x_wconf 86' lang='lat' dir='ltr'>(ut</span> <span class='ocrx_word' id='word_1_268' title='bbox 1109 3551 1208 3614; x_wconf 89' lang='lat' dir='ltr'>ita</span> <span class='ocrx_word' id='word_1_269' title='bbox 1252 3549 1607 3614; x_wconf 89' lang='lat' dir='ltr'>secundum</span> <span class='ocrx_word' id='word_1_270' title='bbox 1655 3556 1911 3612; x_wconf 88' lang='lat' dir='ltr'>nostros</span> <span class='ocrx_word' id='word_1_271' title='bbox 1958 3547 2219 3626; x_wconf 85' lang='lat' dir='ltr'>dicam),</span> <span class='ocrx_word' id='word_1_272' title='bbox 2264 3554 2503 3632; x_wconf 77' lang='lat' dir='ltr'>practer</span> <span class='ocrx_word' id='word_1_273' title='bbox 2528 3547 2823 3610; x_wconf 88' lang='lat' dir='ltr'>Azonem</span> <span class='ocrx_word' id='word_1_274' title='bbox 2872 3552 2940 3610; x_wconf 91' lang='lat' dir='ltr'>et</span> <span class='ocrx_word' id='word_1_275' title='bbox 2985 3546 3402 3609; x_wconf 86' lang='lat' dir='ltr'>Hostiensem</span> <span class='ocrx_word' id='word_1_276' title='bbox 3447 3553 3515 3610; x_wconf 92' lang='lat' dir='ltr'>et</span> <span class='ocrx_word' id='word_1_277' title='bbox 3560 3546 3878 3630; x_wconf 89' lang='lat' dir='ltr'>pauculos</span> 
     </span>
     <span class='ocr_line' id='line_1_24' title="bbox 352 3676 3876 3768; baseline -0.001 -22"><span class='ocrx_word' id='word_1_278' title='bbox 352 3684 669 3768; x_wconf 86' lang='lat' dir='ltr'>quosdam</span> <span class='ocrx_word' id='word_1_279' title='bbox 725 3685 1204 3748; x_wconf 88' lang='lat' dir='ltr'>neotericorum</span> <span class='ocrx_word' id='word_1_280' title='bbox 1249 3683 1533 3763; x_wconf 80' lang='lat' dir='ltr'>libellos,</span> <span class='ocrx_word' id='word_1_281' title='bbox 1590 3682 1756 3745; x_wconf 88' lang='lat' dir='ltr'>alios</span> <span class='ocrx_word' id='word_1_282' title='bbox 1802 3681 1909 3744; x_wconf 81' lang='lat' dir='ltr'>vel</span> <span class='ocrx_word' id='word_1_283' title='bbox 1967 3680 2185 3744; x_wconf 87' lang='lat' dir='ltr'>nullos</span> <span class='ocrx_word' id='word_1_284' title='bbox 2240 3680 2348 3742; x_wconf 89' lang='lat' dir='ltr'>vel</span> <span class='ocrx_word' id='word_1_285' title='bbox 2405 3699 2651 3764; x_wconf 88' lang='lat' dir='ltr'>paucos</span> <span class='ocrx_word' id='word_1_286' title='bbox 2704 3677 2908 3740; x_wconf 92' lang='lat' dir='ltr'>libros</span> <span class='ocrx_word' id='word_1_287' title='bbox 2961 3676 3310 3760; x_wconf 87' lang='lat' dir='ltr'>tyronibus</span> <span class='ocrx_word' id='word_1_288' title='bbox 3363 3684 3588 3762; x_wconf 91' lang='lat' dir='ltr'>putem</span> <span class='ocrx_word' id='word_1_289' title='bbox 3657 3678 3876 3744; x_wconf 79' lang='lat' dir='ltr'>utiles,</span> 
     </span>
     <span class='ocr_line' id='line_1_25' title="bbox 350 3801 3878 3898; baseline -0.001 -17"><span class='ocrx_word' id='word_1_290' title='bbox 350 3816 486 3881; x_wconf 86' lang='lat' dir='ltr'>Sed</span> <span class='ocrx_word' id='word_1_291' title='bbox 541 3820 608 3880; x_wconf 93' lang='lat' dir='ltr'>in</span> <span class='ocrx_word' id='word_1_292' title='bbox 665 3817 767 3882; x_wconf 91' lang='lat' dir='ltr'>his</span> <span class='ocrx_word' id='word_1_293' title='bbox 824 3818 1179 3881; x_wconf 89' lang='lat' dir='ltr'>nominatis</span> <span class='ocrx_word' id='word_1_294' title='bbox 1221 3818 1353 3880; x_wconf 87' lang='lat' dir='ltr'>iam</span> <span class='ocrx_word' id='word_1_295' title='bbox 1401 3801 1838 3880; x_wconf 85' lang='lat' dir='ltr'>mediocribus</span> <span class='ocrx_word' id='word_1_296' title='bbox 1883 3810 2450 3898; x_wconf 88' lang='lat' dir='ltr'>progressionibus</span> <span class='ocrx_word' id='word_1_297' title='bbox 2491 3810 2688 3874; x_wconf 85' lang='lat' dir='ltr'>factis</span> <span class='ocrx_word' id='word_1_298' title='bbox 2731 3811 3009 3895; x_wconf 92' lang='lat' dir='ltr'>quisque</span> <span class='ocrx_word' id='word_1_299' title='bbox 3053 3809 3180 3874; x_wconf 89' lang='lat' dir='ltr'>sibi</span> <span class='ocrx_word' id='word_1_300' title='bbox 3226 3832 3342 3896; x_wconf 91' lang='lat' dir='ltr'>pro</span> <span class='ocrx_word' id='word_1_301' title='bbox 3388 3833 3508 3875; x_wconf 89' lang='lat' dir='ltr'>sua</span> <span class='ocrx_word' id='word_1_302' title='bbox 3548 3811 3878 3876; x_wconf 87' lang='lat' dir='ltr'>industria</span> 
     </span>
     <span class='ocr_line' id='line_1_26' title="bbox 350 3945 3875 4030; baseline -0.001 -16"><span class='ocrx_word' id='word_1_303' title='bbox 350 3959 424 4014; x_wconf 90' lang='lat' dir='ltr'>et</span> <span class='ocrx_word' id='word_1_304' title='bbox 489 3951 733 4014; x_wconf 89' lang='lat' dir='ltr'>iudicio</span> <span class='ocrx_word' id='word_1_305' title='bbox 787 3951 985 4014; x_wconf 87' lang='lat' dir='ltr'>facile</span> <span class='ocrx_word' id='word_1_306' title='bbox 1042 3951 1361 4014; x_wconf 88' lang='lat' dir='ltr'>consulet.</span> <span class='ocrx_word' id='word_1_307' title='bbox 1444 3948 1634 4022; x_wconf 85' lang='lat' dir='ltr'>Quod</span> <span class='ocrx_word' id='word_1_308' title='bbox 1680 3948 1815 4012; x_wconf 89' lang='lat' dir='ltr'>filio</span> <span class='ocrx_word' id='word_1_309' title='bbox 1869 3954 2089 4011; x_wconf 88' lang='lat' dir='ltr'>nostro</span> <span class='ocrx_word' id='word_1_310' title='bbox 2146 3946 2417 4030; x_wconf 89' lang='lat' dir='ltr'>Basylio</span> <span class='ocrx_word' id='word_1_311' title='bbox 2468 3967 2542 4009; x_wconf 91' lang='lat' dir='ltr'>eo</span> <span class='ocrx_word' id='word_1_312' title='bbox 2589 3945 2852 4009; x_wconf 87' lang='lat' dir='ltr'>facilius</span> <span class='ocrx_word' id='word_1_313' title='bbox 2898 3946 3025 4009; x_wconf 89' lang='lat' dir='ltr'>erit</span> <span class='ocrx_word' id='word_1_314' title='bbox 3071 3947 3402 4029; x_wconf 86' lang='lat' dir='ltr'>consequi,</span> <span class='ocrx_word' id='word_1_315' title='bbox 3449 3968 3576 4030; x_wconf 91' lang='lat' dir='ltr'>quo</span> <span class='ocrx_word' id='word_1_316' title='bbox 3626 3946 3743 4010; x_wconf 88' lang='lat' dir='ltr'>abs</span> <span class='ocrx_word' id='word_1_317' title='bbox 3787 3953 3875 4029; x_wconf 89' lang='lat' dir='ltr'>te,</span> 
     </span>
     <span class='ocr_line' id='line_1_27' title="bbox 352 4079 3876 4168; baseline -0.001 -22"><span class='ocrx_word' id='word_1_318' title='bbox 352 4091 548 4168; x_wconf 88' lang='lat' dir='ltr'>patre</span> <span class='ocrx_word' id='word_1_319' title='bbox 594 4082 1042 4146; x_wconf 88' lang='lat' dir='ltr'>iureconsulto</span> <span class='ocrx_word' id='word_1_320' title='bbox 1093 4089 1161 4146; x_wconf 87' lang='lat' dir='ltr'>et</span> <span class='ocrx_word' id='word_1_321' title='bbox 1204 4080 1593 4167; x_wconf 90' lang='lat' dir='ltr'>philosopho</span> <span class='ocrx_word' id='word_1_322' title='bbox 1637 4081 2124 4166; x_wconf 87' lang='lat' dir='ltr'>sapientissimo</span> <span class='ocrx_word' id='word_1_323' title='bbox 2171 4088 2256 4159; x_wconf 88' lang='lat' dir='ltr'>et,</span> <span class='ocrx_word' id='word_1_324' title='bbox 2310 4086 2382 4143; x_wconf 90' lang='lat' dir='ltr'>ut</span> <span class='ocrx_word' id='word_1_325' title='bbox 2426 4081 2663 4144; x_wconf 91' lang='lat' dir='ltr'>merito</span> <span class='ocrx_word' id='word_1_326' title='bbox 2711 4079 3006 4160; x_wconf 88' lang='lat' dir='ltr'>dicimus,</span> <span class='ocrx_word' id='word_1_327' title='bbox 3054 4079 3379 4142; x_wconf 90' lang='lat' dir='ltr'>communi</span> <span class='ocrx_word' id='word_1_328' title='bbox 3423 4087 3643 4143; x_wconf 91' lang='lat' dir='ltr'>nostro</span> <span class='ocrx_word' id='word_1_329' title='bbox 3691 4102 3876 4164; x_wconf 89' lang='lat' dir='ltr'>cory-</span> 
     </span>
     <span class='ocr_line' id='line_1_28' title="bbox 350 4213 3878 4301; baseline 0.001 -25"><span class='ocrx_word' id='word_1_330' title='bbox 350 4214 555 4298; x_wconf 65' lang='lat' dir='ltr'>phano,</span> <span class='ocrx_word' id='word_1_331' title='bbox 599 4215 938 4279; x_wconf 90' lang='lat' dir='ltr'>literarum</span> <span class='ocrx_word' id='word_1_332' title='bbox 988 4216 1260 4301; x_wconf 87' lang='lat' dir='ltr'>pietatis</span> <span class='ocrx_word' id='word_1_333' title='bbox 1305 4213 1737 4299; x_wconf 85' lang='lat' dir='ltr'>philosophiae</span> <span class='ocrx_word' id='word_1_334' title='bbox 1781 4214 2075 4298; x_wconf 88' lang='lat' dir='ltr'>iurisque</span> <span class='ocrx_word' id='word_1_335' title='bbox 2122 4214 2487 4300; x_wconf 78' lang='lat' dir='ltr'>prudentiae</span> <span class='ocrx_word' id='word_1_336' title='bbox 2532 4214 2974 4278; x_wconf 86' lang='lat' dir='ltr'>fundamentis</span> <span class='ocrx_word' id='word_1_337' title='bbox 3018 4214 3262 4277; x_wconf 89' lang='lat' dir='ltr'>rectius</span> <span class='ocrx_word' id='word_1_338' title='bbox 3304 4213 3600 4277; x_wconf 89' lang='lat' dir='ltr'>imbutus</span> <span class='ocrx_word' id='word_1_339' title='bbox 3632 4213 3713 4276; x_wconf 91' lang='lat' dir='ltr'>ad</span> <span class='ocrx_word' id='word_1_340' title='bbox 3760 4235 3878 4278; x_wconf 89' lang='lat' dir='ltr'>nos</span> 
     </span>
    </p>

    <p class='ocr_par' dir='ltr' id='par_1_11' title="bbox 130 4327 3875 4434">
     <span class='ocr_line' id='line_1_29' title="bbox 130 4327 3875 4434; baseline 0.001 -25"><span class='ocrx_word' id='word_1_341' title='bbox 130 4327 135 4432; x_wconf 60' lang='lat' dir='ltr'>J</span> <span class='ocrx_word' id='word_1_342' title='bbox 346 4349 562 4422; x_wconf 85' lang='lat' dir='ltr'>venit,</span> <span class='ocrx_word' id='word_1_343' title='bbox 617 4354 691 4412; x_wconf 91' lang='lat' dir='ltr'>ut</span> <span class='ocrx_word' id='word_1_344' title='bbox 749 4356 1102 4434; x_wconf 87' lang='lat' dir='ltr'>propterea</span> <span class='ocrx_word' id='word_1_345' title='bbox 1148 4346 1585 4411; x_wconf 88' lang='lat' dir='ltr'>cancellarius</span> <span class='ocrx_word' id='word_1_346' title='bbox 1630 4353 1853 4411; x_wconf 88' lang='lat' dir='ltr'>noster</span> <span class='ocrx_word' id='word_1_347' title='bbox 1896 4347 1973 4411; x_wconf 91' lang='lat' dir='ltr'>D.</span> <span class='ocrx_word' id='word_1_348' title='bbox 2020 4347 2367 4412; x_wconf 84' lang='lat' dir='ltr'>Fesslerus</span> <span class='ocrx_word' id='word_1_349' title='bbox 2410 4353 2584 4432; x_wconf 88' lang='lat' dir='ltr'>(cum</span> <span class='ocrx_word' id='word_1_350' title='bbox 2629 4348 3079 4433; x_wconf 87' lang='lat' dir='ltr'>superioribus</span> <span class='ocrx_word' id='word_1_351' title='bbox 3124 4346 3356 4411; x_wconf 84' lang='lat' dir='ltr'>diebus</span> <span class='ocrx_word' id='word_1_352' title='bbox 3398 4348 3465 4410; x_wconf 90' lang='lat' dir='ltr'>in</span> <span class='ocrx_word' id='word_1_353' title='bbox 3511 4368 3660 4412; x_wconf 87' lang='lat' dir='ltr'>arce</span> <span class='ocrx_word' id='word_1_354' title='bbox 3704 4348 3875 4412; x_wconf 90' lang='lat' dir='ltr'>forte</span> 
     </span>
    </p>

    <p class='ocr_par' dir='ltr' id='par_1_12' title="bbox 129 4443 3879 5099">
     <span class='ocr_line' id='line_1_30' title="bbox 129 4443 3876 4565; baseline 0 -23"><span class='ocrx_word' id='word_1_355' title='bbox 129 4443 133 4542; x_wconf 69' lang='grc'>1</span> <span class='ocrx_word' id='word_1_356' title='bbox 349 4481 599 4544; x_wconf 88' lang='lat' dir='ltr'>mentio</span> <span class='ocrx_word' id='word_1_357' title='bbox 645 4481 743 4544; x_wconf 88' lang='lat' dir='ltr'>tui</span> <span class='ocrx_word' id='word_1_358' title='bbox 789 4480 1134 4544; x_wconf 91' lang='lat' dir='ltr'>incidisset</span> <span class='ocrx_word' id='word_1_359' title='bbox 1180 4485 1247 4542; x_wconf 90' lang='lat' dir='ltr'>et</span> <span class='ocrx_word' id='word_1_360' title='bbox 1294 4478 1372 4542; x_wconf 92' lang='lat' dir='ltr'>de</span> <span class='ocrx_word' id='word_1_361' title='bbox 1417 4477 1555 4541; x_wconf 89' lang='lat' dir='ltr'>filio</span> <span class='ocrx_word' id='word_1_362' title='bbox 1603 4484 1718 4542; x_wconf 90' lang='lat' dir='ltr'>tuo</span> <span class='ocrx_word' id='word_1_363' title='bbox 1767 4499 1848 4542; x_wconf 87' lang='lat' dir='ltr'>ex</span> <span class='ocrx_word' id='word_1_364' title='bbox 1892 4499 1994 4542; x_wconf 89' lang='lat' dir='ltr'>me</span> <span class='ocrx_word' id='word_1_365' title='bbox 2044 4487 2367 4563; x_wconf 89' lang='lat' dir='ltr'>quaereret</span> <span class='ocrx_word' id='word_1_366' title='bbox 2404 4501 2664 4565; x_wconf 91' lang='lat' dir='ltr'>egoque</span> <span class='ocrx_word' id='word_1_367' title='bbox 2713 4480 2772 4543; x_wconf 91' lang='lat' dir='ltr'>ei</span> <span class='ocrx_word' id='word_1_368' title='bbox 2816 4479 3217 4543; x_wconf 90' lang='lat' dir='ltr'>sententiam</span> <span class='ocrx_word' id='word_1_369' title='bbox 3259 4500 3472 4543; x_wconf 86' lang='lat' dir='ltr'>meam</span> <span class='ocrx_word' id='word_1_370' title='bbox 3518 4479 3596 4542; x_wconf 90' lang='lat' dir='ltr'>de</span> <span class='ocrx_word' id='word_1_371' title='bbox 3627 4479 3876 4543; x_wconf 89' lang='lat' dir='ltr'>Basilio</span> 
     </span>
     <span class='ocr_line' id='line_1_31' title="bbox 349 4611 3879 4699; baseline 0 -22"><span class='ocrx_word' id='word_1_372' title='bbox 349 4613 775 4699; x_wconf 84' lang='lat' dir='ltr'>exponerem)</span> <span class='ocrx_word' id='word_1_373' title='bbox 822 4619 1001 4677; x_wconf 87' lang='lat' dir='ltr'>recte</span> <span class='ocrx_word' id='word_1_374' title='bbox 1046 4612 1205 4676; x_wconf 89' lang='lat' dir='ltr'>mihi</span> <span class='ocrx_word' id='word_1_375' title='bbox 1243 4611 1653 4696; x_wconf 88' lang='lat' dir='ltr'>respondisse</span> <span class='ocrx_word' id='word_1_376' title='bbox 1693 4619 1763 4675; x_wconf 91' lang='lat' dir='ltr'>et</span> <span class='ocrx_word' id='word_1_377' title='bbox 1808 4619 2002 4676; x_wconf 90' lang='lat' dir='ltr'>acute</span> <span class='ocrx_word' id='word_1_378' title='bbox 2048 4613 2375 4696; x_wconf 87' lang='lat' dir='ltr'>videatur,</span> <span class='ocrx_word' id='word_1_379' title='bbox 2423 4636 2570 4678; x_wconf 91' lang='lat' dir='ltr'>cum</span> <span class='ocrx_word' id='word_1_380' title='bbox 2616 4613 2904 4678; x_wconf 88' lang='lat' dir='ltr'>diceret:</span> <span class='ocrx_word' id='word_1_381' title='bbox 2959 4613 3393 4699; x_wconf 89' lang='lat' dir='ltr'>Philosophos</span> <span class='ocrx_word' id='word_1_382' title='bbox 3438 4613 3612 4677; x_wconf 88' lang='lat' dir='ltr'>domi</span> <span class='ocrx_word' id='word_1_383' title='bbox 3642 4614 3879 4679; x_wconf 90' lang='lat' dir='ltr'>habuit</span> 
     </span>
     <span class='ocr_line' id='line_1_32' title="bbox 354 4744 3877 4832; baseline 0 -22"><span class='ocrx_word' id='word_1_384' title='bbox 354 4746 527 4811; x_wconf 91' lang='lat' dir='ltr'>unde</span> <span class='ocrx_word' id='word_1_385' title='bbox 574 4747 871 4811; x_wconf 88' lang='lat' dir='ltr'>disceret.</span> <span class='ocrx_word' id='word_1_386' title='bbox 934 4746 1112 4811; x_wconf 87' lang='lat' dir='ltr'>Talis</span> <span class='ocrx_word' id='word_1_387' title='bbox 1157 4747 1329 4809; x_wconf 91' lang='lat' dir='ltr'>enim</span> <span class='ocrx_word' id='word_1_388' title='bbox 1376 4744 1670 4830; x_wconf 87' lang='lat' dir='ltr'>profecto</span> <span class='ocrx_word' id='word_1_389' title='bbox 1718 4753 1818 4809; x_wconf 88' lang='lat' dir='ltr'>est</span> <span class='ocrx_word' id='word_1_390' title='bbox 1860 4748 2137 4826; x_wconf 79' lang='lat' dir='ltr'>invenie,</span> <span class='ocrx_word' id='word_1_391' title='bbox 2186 4756 2262 4811; x_wconf 92' lang='lat' dir='ltr'>ut</span> <span class='ocrx_word' id='word_1_392' title='bbox 2302 4749 2640 4812; x_wconf 89' lang='lat' dir='ltr'>commoda</span> <span class='ocrx_word' id='word_1_393' title='bbox 2683 4771 2803 4813; x_wconf 90' lang='lat' dir='ltr'>sua</span> <span class='ocrx_word' id='word_1_394' title='bbox 2846 4750 3267 4813; x_wconf 89' lang='lat' dir='ltr'>mediocriter</span> <span class='ocrx_word' id='word_1_395' title='bbox 3309 4747 3652 4832; x_wconf 90' lang='lat' dir='ltr'>intelligat</span> <span class='ocrx_word' id='word_1_396' title='bbox 3698 4753 3766 4811; x_wconf 87' lang='lat' dir='ltr'>et</span> <span class='ocrx_word' id='word_1_397' title='bbox 3798 4768 3877 4810; x_wconf 90' lang='lat' dir='ltr'>ea</span> 
     </span>
     <span class='ocr_line' id='line_1_33' title="bbox 350 4879 3876 4968; baseline -0.001 -22"><span class='ocrx_word' id='word_1_398' title='bbox 350 4883 558 4947; x_wconf 89' lang='lat' dir='ltr'>etiam</span> <span class='ocrx_word' id='word_1_399' title='bbox 601 4887 917 4968; x_wconf 88' lang='lat' dir='ltr'>sequatur</span> <span class='ocrx_word' id='word_1_400' title='bbox 972 4882 1351 4967; x_wconf 89' lang='lat' dir='ltr'>diligenter.</span> <span class='ocrx_word' id='word_1_401' title='bbox 1423 4879 1762 4953; x_wconf 81' lang='lat' dir='ltr'>Quantum</span> <span class='ocrx_word' id='word_1_402' title='bbox 1807 4882 1872 4943; x_wconf 90' lang='lat' dir='ltr'>in</span> <span class='ocrx_word' id='word_1_403' title='bbox 1917 4880 2110 4945; x_wconf 91' lang='lat' dir='ltr'>nobis</span> <span class='ocrx_word' id='word_1_404' title='bbox 2161 4890 2281 4962; x_wconf 89' lang='lat' dir='ltr'>est,</span> <span class='ocrx_word' id='word_1_405' title='bbox 2330 4889 2606 4946; x_wconf 89' lang='lat' dir='ltr'>conatus</span> <span class='ocrx_word' id='word_1_406' title='bbox 2650 4905 2799 4947; x_wconf 89' lang='lat' dir='ltr'>suos</span> <span class='ocrx_word' id='word_1_407' title='bbox 2841 4905 2957 4968; x_wconf 91' lang='lat' dir='ltr'>pro</span> <span class='ocrx_word' id='word_1_408' title='bbox 3002 4887 3229 4946; x_wconf 87' lang='lat' dir='ltr'>nostra</span> <span class='ocrx_word' id='word_1_409' title='bbox 3272 4882 3453 4945; x_wconf 86' lang='lat' dir='ltr'>virili</span> <span class='ocrx_word' id='word_1_410' title='bbox 3498 4880 3876 4945; x_wconf 85' lang='lat' dir='ltr'>iuvabimus</span> 
     </span>
     <span class='ocr_line' id='line_1_34' title="bbox 350 5013 3043 5099; baseline 0 -20"><span class='ocrx_word' id='word_1_411' title='bbox 350 5021 739 5099; x_wconf 82' lang='lat' dir='ltr'>caeteraque,</span> <span class='ocrx_word' id='word_1_412' title='bbox 787 5021 863 5079; x_wconf 89' lang='lat' dir='ltr'>ut</span> <span class='ocrx_word' id='word_1_413' title='bbox 908 5036 1028 5099; x_wconf 91' lang='lat' dir='ltr'>par</span> <span class='ocrx_word' id='word_1_414' title='bbox 1071 5020 1191 5089; x_wconf 89' lang='lat' dir='ltr'>est,</span> <span class='ocrx_word' id='word_1_415' title='bbox 1236 5019 1374 5077; x_wconf 87' lang='lat' dir='ltr'>tam</span> <span class='ocrx_word' id='word_1_416' title='bbox 1416 5013 1612 5076; x_wconf 89' lang='lat' dir='ltr'>charo</span> <span class='ocrx_word' id='word_1_417' title='bbox 1649 5013 1910 5098; x_wconf 91' lang='lat' dir='ltr'>pignori</span> <span class='ocrx_word' id='word_1_418' title='bbox 1954 5022 2071 5078; x_wconf 91' lang='lat' dir='ltr'>tuo</span> <span class='ocrx_word' id='word_1_419' title='bbox 2118 5013 2605 5079; x_wconf 88' lang='lat' dir='ltr'>subministrari</span> <span class='ocrx_word' id='word_1_420' title='bbox 2650 5015 3043 5080; x_wconf 87' lang='lat' dir='ltr'>curabimus.</span> 
     </span>
    </p>

    <p class='ocr_par' dir='ltr' id='par_1_13' title="bbox 128 5059 3876 5633">
     <span class='ocr_line' id='line_1_35' title="bbox 128 5059 3875 5268; baseline -0.001 -56"><span class='ocrx_word' id='word_1_421' title='bbox 128 5059 132 5268; x_wconf 42' lang='grc'>1</span> <span class='ocrx_word' id='word_1_422' title='bbox 600 5147 921 5234; x_wconf 89' lang='lat' dir='ltr'>Legimus</span> <span class='ocrx_word' id='word_1_423' title='bbox 970 5147 1153 5212; x_wconf 89' lang='lat' dir='ltr'>hisce</span> <span class='ocrx_word' id='word_1_424' title='bbox 1211 5145 1443 5210; x_wconf 89' lang='lat' dir='ltr'>diebus</span> <span class='ocrx_word' id='word_1_425' title='bbox 1500 5145 1733 5210; x_wconf 85' lang='lat' dir='ltr'>literas</span> <span class='ocrx_word' id='word_1_426' title='bbox 1787 5151 1939 5210; x_wconf 88' lang='lat' dir='ltr'>tuas</span> <span class='ocrx_word' id='word_1_427' title='bbox 1987 5146 2070 5211; x_wconf 85' lang='lat' dir='ltr'>ad</span> <span class='ocrx_word' id='word_1_428' title='bbox 2125 5148 2492 5232; x_wconf 91' lang='lat' dir='ltr'>principem</span> <span class='ocrx_word' id='word_1_429' title='bbox 2552 5154 2845 5213; x_wconf 89' lang='lat' dir='ltr'>nostrum</span> <span class='ocrx_word' id='word_1_430' title='bbox 2899 5149 3420 5213; x_wconf 90' lang='lat' dir='ltr'>illustrissimum</span> <span class='ocrx_word' id='word_1_431' title='bbox 3461 5148 3751 5232; x_wconf 88' lang='lat' dir='ltr'>scriptas</span> <span class='ocrx_word' id='word_1_432' title='bbox 3795 5144 3875 5209; x_wconf 91' lang='lat' dir='ltr'>de</span> 
     </span>
     <span class='ocr_line' id='line_1_36' title="bbox 348 5279 3875 5375; baseline 0 -33"><span class='ocrx_word' id='word_1_433' title='bbox 348 5279 566 5343; x_wconf 87' lang='lat' dir='ltr'>altero</span> <span class='ocrx_word' id='word_1_434' title='bbox 611 5280 931 5346; x_wconf 86' lang='lat' dir='ltr'>Sichardo</span> <span class='ocrx_word' id='word_1_435' title='bbox 985 5279 1434 5375; x_wconf 71' lang='lat' dir='ltr'>¹conducendO,</span> <span class='ocrx_word' id='word_1_436' title='bbox 1496 5300 1692 5364; x_wconf 87' lang='lat' dir='ltr'>quam</span> <span class='ocrx_word' id='word_1_437' title='bbox 1741 5280 2286 5345; x_wconf 87' lang='lat' dir='ltr'>deliberationem</span> <span class='ocrx_word' id='word_1_438' title='bbox 2334 5287 2519 5345; x_wconf 90' lang='lat' dir='ltr'>tuam</span> <span class='ocrx_word' id='word_1_439' title='bbox 2573 5282 2857 5367; x_wconf 91' lang='lat' dir='ltr'>collegio</span> <span class='ocrx_word' id='word_1_440' title='bbox 2913 5287 3138 5346; x_wconf 92' lang='lat' dir='ltr'>nostro</span> <span class='ocrx_word' id='word_1_441' title='bbox 3183 5281 3631 5366; x_wconf 87' lang='lat' dir='ltr'>gratissimam</span> <span class='ocrx_word' id='word_1_442' title='bbox 3673 5279 3875 5343; x_wconf 89' lang='lat' dir='ltr'>fuisse</span> 
     </span>
     <span class='ocr_line' id='line_1_37' title="bbox 346 5409 3876 5500; baseline 0 -27"><span class='ocrx_word' id='word_1_443' title='bbox 346 5411 542 5477; x_wconf 90' lang='lat' dir='ltr'>scias.</span> <span class='ocrx_word' id='word_1_444' title='bbox 629 5412 760 5478; x_wconf 88' lang='lat' dir='ltr'>Sed</span> <span class='ocrx_word' id='word_1_445' title='bbox 804 5413 962 5500; x_wconf 91' lang='lat' dir='ltr'>quid</span> <span class='ocrx_word' id='word_1_446' title='bbox 1015 5419 1258 5498; x_wconf 88' lang='lat' dir='ltr'>agatur</span> <span class='ocrx_word' id='word_1_447' title='bbox 1300 5412 1408 5476; x_wconf 91' lang='lat' dir='ltr'>hic</span> <span class='ocrx_word' id='word_1_448' title='bbox 1452 5417 1571 5475; x_wconf 88' lang='lat' dir='ltr'>aut</span> <span class='ocrx_word' id='word_1_449' title='bbox 1615 5411 1771 5497; x_wconf 89' lang='lat' dir='ltr'>quid</span> <span class='ocrx_word' id='word_1_450' title='bbox 1818 5413 2134 5498; x_wconf 88' lang='lat' dir='ltr'>Princeps</span> <span class='ocrx_word' id='word_1_451' title='bbox 2174 5414 2244 5477; x_wconf 92' lang='lat' dir='ltr'>in</span> <span class='ocrx_word' id='word_1_452' title='bbox 2289 5414 2414 5478; x_wconf 91' lang='lat' dir='ltr'>hac</span> <span class='ocrx_word' id='word_1_453' title='bbox 2459 5414 2934 5480; x_wconf 88' lang='lat' dir='ltr'>deliberatione</span> <span class='ocrx_word' id='word_1_454' title='bbox 2981 5415 3364 5494; x_wconf 89' lang='lat' dir='ltr'>constituat,</span> <span class='ocrx_word' id='word_1_455' title='bbox 3410 5413 3707 5498; x_wconf 83' lang='lat' dir='ltr'>proxime</span> <span class='ocrx_word' id='word_1_456' title='bbox 3749 5409 3876 5473; x_wconf 77' lang='lat' dir='ltr'>for-</span> 
     </span>
     <span class='ocr_line' id='line_1_38' title="bbox 346 5544 3874 5633; baseline 0 -26"><span class='ocrx_word' id='word_1_457' title='bbox 346 5551 533 5608; x_wconf 86' lang='lat' dir='ltr'>tasse</span> <span class='ocrx_word' id='word_1_458' title='bbox 597 5546 723 5611; x_wconf 91' lang='lat' dir='ltr'>tibi</span> <span class='ocrx_word' id='word_1_459' title='bbox 780 5547 1150 5633; x_wconf 85' lang='lat' dir='ltr'>explicabo.</span> <span class='ocrx_word' id='word_1_460' title='bbox 1239 5545 1406 5610; x_wconf 87' lang='lat' dir='ltr'>Mihi</span> <span class='ocrx_word' id='word_1_461' title='bbox 1462 5546 1730 5610; x_wconf 89' lang='lat' dir='ltr'>interim</span> <span class='ocrx_word' id='word_1_462' title='bbox 1790 5553 1892 5611; x_wconf 88' lang='lat' dir='ltr'>est</span> <span class='ocrx_word' id='word_1_463' title='bbox 1946 5547 2289 5611; x_wconf 90' lang='lat' dir='ltr'>commissa</span> <span class='ocrx_word' id='word_1_464' title='bbox 2334 5546 2478 5631; x_wconf 89' lang='lat' dir='ltr'>(sed</span> <span class='ocrx_word' id='word_1_465' title='bbox 2522 5566 2655 5610; x_wconf 90' lang='lat' dir='ltr'>non</span> <span class='ocrx_word' id='word_1_466' title='bbox 2698 5547 3004 5633; x_wconf 90' lang='lat' dir='ltr'>passibus</span> <span class='ocrx_word' id='word_1_467' title='bbox 3049 5548 3280 5632; x_wconf 72' lang='lat' dir='ltr'>eequis)</span> <span class='ocrx_word' id='word_1_468' title='bbox 3326 5544 3630 5611; x_wconf 86' lang='lat' dir='ltr'>Sichardi</span> <span class='ocrx_word' id='word_1_469' title='bbox 3672 5545 3874 5610; x_wconf 90' lang='lat' dir='ltr'>lectio</span> 
     </span>
    </p>
   </div>
   <div class='ocr_carea' id='block_1_4' title="bbox 128 5681 572 5778">
    <p class='ocr_par' dir='ltr' id='par_1_14' title="bbox 128 5681 572 5778">
     <span class='ocr_line' id='line_1_39' title="bbox 128 5681 572 5778; baseline -0.009 0"><span class='ocrx_word' id='word_1_470' title='bbox 128 5681 449 5778; x_wconf 33' lang='grc' dir='ltr'>ζ’ᾫ--θ</span> <span class='ocrx_word' id='word_1_471' title='bbox 458 5767 572 5774; x_wconf 71' lang='grc'>.-</span> 
     </span>
    </p>
   </div>
   <div class='ocr_carea' id='block_1_5' title="bbox 582 5769 983 5778">
    <p class='ocr_par' dir='ltr' id='par_1_15' title="bbox 582 5769 983 5778">
     <span class='ocr_line' id='line_1_40' title="bbox 582 5769 983 5778; baseline 0 1004"><span class='ocrx_word' id='word_1_472' title='bbox 582 5769 983 5778; x_wconf 95' lang='lat' dir='ltr'> </span> 
     </span>
    </p>
   </div>
   <div class='ocr_carea' id='block_1_6' title="bbox 1009 5770 1415 5777">
    <p class='ocr_par' dir='ltr' id='par_1_16' title="bbox 1009 5770 1415 5777">
     <span class='ocr_line' id='line_1_41' title="bbox 1009 5770 1415 5777; baseline 0 -1"><span class='ocrx_word' id='word_1_473' title='bbox 1009 5770 1415 5777; x_wconf 76' lang='lat'>———-</span> 
     </span>
    </p>
   </div>
  </div>
 </body>
</html>
