4914 6782
1282 502 3840 513 ————.-—-
3865 501 4736 543 ——-—QN

849 568 859 929 s
2772 620 2855 684 42
4735 546 4754 689 Ὗ

1054 851 1385 931 pararent,
1445 844 1630 907 nolui
1684 864 1796 908 eos
1847 844 1988 909 sine
2049 844 2212 908 meis
2266 843 2351 908 ad
2404 851 2472 909 te
2530 843 2854 929 proficisci
2913 844 3147 926 literis,
3206 865 3350 929 quae
3404 846 3668 910 etiamsi
3705 846 3874 910 nihil
3917 845 4101 910 aliud
4140 844 4575 924 continerent,
4753 840 4754 853 ¹

1053 984 1277 1041 tamen
1323 978 1401 1040 de
1447 998 1595 1041 mea
1640 997 1953 1062 prospera
1997 979 2341 1042 certiorem
2387 980 2683 1043 facerent
2751 978 3136 1043 valetudine
3191 979 3516 1064 simulque
3569 985 3637 1044 te
3683 984 4024 1065 totamque
4070 978 4388 1044 familiam
4431 1000 4577 1044 meo

850 2436 854 2503 1

1050 1110 1312 1174 nomine
1368 1109 1742 1175 salutarent
1802 1117 2003 1196 atque
2053 1133 2248 1196 quam
2307 1111 2676 1176 diutissime
2728 1109 2987 1174 salvum
3046 1131 3185 1175 esse
3230 1115 3565 1196 optarent,
3629 1109 3914 1195 denique
3958 1109 4077 1175 hos
4120 1101 4577 1176 ad‘ole'seentes

1050 1243 1177 1307 tibi
1221 1243 1299 1307 de
1341 1244 1600 1309 meliori
1643 1251 1802 1309 nota
1848 1246 2399 1310 commendarent.
2492 1243 2917 1331 Quapropter
2960 1251 3037 1308 ut
3065 1244 3146 1309 de
3176 1250 3296 1309 tua
3326 1243 3544 1309 salute
3583 1244 3812 1309 audire
3841 1244 4003 1309 mihi
4032 1243 4577 1309 iucundissimum

1052 1384 1171 1457 est,
1239 1377 1319 1441 de
1379 1398 1509 1461 qua
1564 1378 1767 1440 etiam
1820 1377 2190 1441 novissimis
2246 1378 2381 1441 tuis
2428 1399 2546 1463 per
2587 1377 2669 1445 D.
2714 1376 3029 1440 Ioannem
3076 1374 3393 1440 Iacobum
3436 1346 3841 1439 Hocklinurn
3878 1375 4105 1441 allatis
4148 1377 4393 1441 certior
4436 1397 4580 1441 sum

1051 1510 1268 1574 factus
1311 1509 1547 1592 literis,
1594 1512 1694 1574 ita
1737 1510 1855 1574 hos
1898 1509 2244 1575 Studiosos
2288 1509 2759 1596 Sangallenses
2802 1510 2943 1594 (qui
2989 1514 3065 1573 ut
3107 1509 3343 1574 melius
3384 1530 3504 1573 sua
3542 1510 3795 1594 possint
3835 1509 4180 1574 absolvere
4225 1509 4448 1574 studia
4492 1509 4576 1573 ad

1052 1647 1343 1705 vestram
1367 1647 1795 1705 revertuntur
1816 1641 2275 1726 Academiam)
2309 1642 2435 1705 tibi
2467 1662 2662 1726 quam
2693 1641 3179 1706 commendatos
3216 1663 3358 1707 esse
3389 1643 3602 1728 cupi0‚
3635 1648 3777 1706 tum
3807 1643 3983 1727 quia,
4021 1664 4169 1706 oum
4199 1642 4307 1707 hic
4338 1649 4578 1724 essent,

1052 1772 1187 1837 illis
1242 1773 1749 1838 familiarissime
1816 1795 1970 1839 usus
2012 1796 2175 1851 sum,
2228 1782 2369 1838 tum
2412 1776 2571 1859 quia
2617 1796 2840 1839 eorum
2883 1776 3239 1860 integritas
3283 1781 3481 1860 atque
3528 1796 3687 1861 erga
3732 1776 3906 1839 bona
3949 1775 4170 1840 studia
4215 1775 4413 1840 ardor
4455 1775 4575 1840 hoc

1052 1914 1361 1971 meretur.
1449 1908 1532 1971 D.
1578 1906 1917 1983 Nicolaus‚
1974 1916 2345 1995 praeceptor
2386 1931 2588 1990 meuS,
2634 1915 2904 1995 propter
2956 1908 3274 1995 plurimas
3329 1910 3795 1995 occupationes
3837 1910 3965 1973 tibi
4008 1908 4404 1995 respondere
4448 1931 4578 1973 non

1052 2044 1293 2123 potest.
1379 2039 1581 2105 Iubet
1623 2041 1836 2125 igitur
1878 2046 1954 2105 ut
1997 2062 2115 2105 suo
2159 2044 2419 2106 nomine
2468 2043 2596 2106 tibi
2639 2042 2922 2106 salutem
2955 2042 3167 2105 dicam
3197 2042 3523 2127 simulque
3577 2064 3694 2107 cur
3730 2064 3859 2107 non
3897 2044 4236 2129 scripserit
4279 2063 4577 2107 caussam

1053 2173 1369 2256 aperiam.
1456 2172 1538 2238 D.
1586 2171 1863 2238 Caelium
1906 2174 2038 2236 iam
2074 2174 2239 2238 meis
2282 2196 2412 2237 non
2454 2174 2761 2258 alloquor
2803 2174 3036 2255 literis,
3078 2174 3236 2258 quia
3267 2174 3439 2259 quod
3471 2176 3754 2239 scribam
3786 2175 3981 2261 plane
4011 2175 4177 2239 nihil
4211 2180 4330 2240 est.
4398 2175 4577 2240 Bene

1053 2305 1225 2388 vale,
1274 2303 1476 2370 Pater
1522 2306 1923 2370 charissime.
2011 2305 2121 2369 III
2167 2306 2265 2373 Id.
2313 2308 2511 2372 Mart.
2557 2310 2752 2372 Anno
2802 2308 2984 2372 1553.

2318 2441 2501 2505 Tuus
2545 2441 3120 2506 obedientissimus
3163 2441 3339 2505 filius
3382 2443 3734 2508 Basilius
3809 2443 4432 2542 Annei-bachius.

1253 2574 1509 2641 (Redditae
1543 2576 1619 2629 21.
1662 2575 1837 2629 Martii
1871 2576 1957 2628 Ast
1998 2576 2104 2641 53.)

2702 3362 2926 3428 XXV.

1951 3538 2413 3622 Bonifacius
2479 3539 3069 3621 Amerbachius
3134 3537 3436 3620 Basilio
3501 3537 3693 3621 filio.

2286 3727 2428 3794 (Cod.
2466 3726 2730 3781 Basilicus.
2769 3728 2832 3780 G.
2869 3726 2935 3780 11.
2977 3727 3052 3782 14
3093 3728 3182 3783 fol.
3218 3731 3355 3794 183)

1569 3871 1838 3944 Basilio
1890 3871 2367 3961 Ama-bachio,
2424 3873 2615 3944 Iuris
2664 3875 2986 3962 ειιιᾱίοεο,
3045 3873 3386 3966 Tubinyae,
3440 3875 3583 3965 filio
3637 3877 4055 3949 charissimo.

1307 4176 1374 4242 S.
1422 4177 1496 4243 P.
1584 4175 1793 4240 Basili
1844 4174 1965 4239 fili.
2054 4173 2201 4248 Quo
2255 4174 2531 4240 oonsilio
2595 4176 2840 4261 viginti
2886 4177 3185 4241 coronati
3228 4175 3450 4240 ducali
3491 4177 3851 4241 secretario
3894 4175 4368 4262 christophoro
4412 4176 4583 4242 Hess

852 4293 858 4396 1
1057 4312 1393 4398 praeterito
1452 4311 1764 4376 Ianuario
1826 4310 1967 4374 dati
2018 4309 2285 4390 fuerint,
2348 4331 2429 4374 ex
2488 4311 2861 4374 novissimis
2920 4309 3133 4374 literis
3183 4310 3347 4374 meis
3390 4309 3748 4396 Isingrinio
3789 4310 4330 4375 Francofordiam
4395 4312 4582 4376 eunti

1058 4452 1128 4509 et
1170 4445 1240 4509 in
1278 4443 1496 4508 reditu
1541 4443 1713 4507 istuc
1759 4442 2133 4528 profecturo
2203 4447 2321 4505 aut
2366 4439 2775 4526 Vulffgango
2820 4439 3117 4506 Conrado
3161 4441 3543 4527 bibliopolae
3586 4447 3808 4505 vestro
3854 4441 4117 4505 easdem
4174 4442 4584 4508 commenda-

1058 4583 1209 4642 turo
1254 4575 1615 4661 intelliges,
1702 4574 1873 4639 Nam
1915 4576 1992 4656 si,
2038 4581 2115 4640 ut
2157 4575 2360 4639 verbo
2402 4580 2721 4659 repetam,
2765 4575 2947 4640 missi
2992 4575 3290 4640 coronati
3335 4573 3508 4660 apud
3553 4580 4029 4660 praeceptorem
4068 4579 4257 4638 tuum
4285 4595 4581 4660 perman·

1057 4711 1282 4786 serint,
1340 4707 1420 4773 de
1474 4709 1757 4794 pecunia
1810 4709 1881 4771 in
1934 4729 2091 4772 usus
2148 4714 2301 4773 tuos
2347 4712 2579 4772 mutuo
2635 4706 2851 4772 danda
2906 4707 3080 4771 idem
3136 4705 3474 4773 Conradus
3528 4708 3611 4772 ab
3666 4707 4026 4794 Isingrinio
4068 4707 4454 4772 mandatum
4514 4708 4583 4772 in

1058 4847 1353 4926 meliore,
1406 4852 1483 4909 ut
1531 4844 1885 4929 loquimur,
1930 4843 2139 4908 forma
2184 4843 2490 4928 accipiet,
2536 4846 2613 4905 ut
2647 4840 2814 4905 nihil
2856 4841 2982 4906 tibi
3025 4841 3405 4906 defuturum
3445 4863 3722 4927 sperem.
3811 4841 4136 4908 Caeterum
4184 4848 4260 4907 ut
4302 4841 4387 4906 ad
4429 4841 4582 4907 reli·

1061 4999 1192 5063 qua
1236 4977 1533 5065 epistolae
1577 4982 1709 5042 tuae
1753 4975 1921 5040 1111.
1968 4975 2137 5044 Non.
2182 4975 2381 5040 Mart.
2425 4972 2688 5058 scriptae
2722 4974 2945 5059 capita
2971 4973 3422 5060 respondeam,
3485 4974 3660 5060 quod
3711 4975 3791 5039 de
3828 4975 4081 5041 Azonis
4110 4982 4181 5040 et
4207 4974 4583 5041 Hostiensis

1059 5110 1398 5193 paratitlis
1451 5109 1844 5189 adnuncias,
1912 5108 2216 5195 gratulor
2262 5106 2391 5172 tibi
2443 5107 2832 5193 plurimum,
2899 5106 3007 5171 oui
3071 5106 3421 5172 emendata
3487 5108 3892 5192 exemplaria
3936 5107 4368 5190 obvenerint3
4434 5107 4585 5193 plus

1059 5246 1285 5305 tamen
1337 5264 1461 5328 ego
1520 5248 1588 5308 te
1643 5243 1775 5308 olei
1831 5250 1900 5310 et
1953 5263 2168 5331 operae
2230 5244 2301 5308 in
2344 5241 2643 5307 Azonem
2696 5261 2938 5327 ponere
2982 5240 3203 5305 velim.
3293 5241 3600 5328 Angelus
3643 5241 3713 5306 in
3755 5241 4227 5307 Institutiones
4269 5241 4584 5307 verbosus

1062 5380 1164 5440 est
1225 5381 1295 5440 et
1336 5376 1601 5463 longior
1643 5399 1839 5462 quam
1883 5376 2263 5460 Iustiniani,
2306 5376 2503 5441 rudes
2547 5374 2761 5440 adhuc
2810 5379 2879 5440 et
2921 5372 3214 5439 infirmos
3254 5374 3697 5440 studiosorum
3739 5375 3994 5439 animos
4031 5372 4463 5439 multitudine
4508 5394 4584 5439 ac

1064 5510 1393 5577 varietate
1451 5532 1669 5575 rerum
1722 5512 1989 5576 minime
2052 5510 2418 5578 onerandos
2476 5510 2795 5592 volentis,
2863 5513 3264 5596 praeoeptum
3318 5507 3669 5574 admittat:
3738 5508 3868 5574 nisi
3928 5508 4226 5575 fortassis
4282 5513 4359 5573 tu
4411 5508 4586 5574 inter

3859 5689 4744 5740 ——ae‘s
