4914 6782
1014 857 1285 937 vicaria,
1334 855 1440 919 cui
1485 861 1560 919 ut
1605 877 1735 919 non
1786 877 1928 919 sum
1982 877 2107 940 par
2148 855 2401 920 viribus
2445 856 2716 941 ingenii,
2764 855 2861 919 ita
2905 876 3034 918 non
3074 861 3230 941 opto
3277 877 3354 919 ea
3398 877 3499 919 me
3545 855 3869 931 investiri,
3917 854 4036 919 sed·
4074 855 4297 940 potius
4340 856 4542 940 cupio

1016 988 1413 1053 Gribaldum
1455 989 1765 1075 aliquem,
1814 989 2211 1064 Molinaeum‚
2255 998 2373 1053 aut
2407 989 2610 1053 alium
2640 990 2855 1052 virum
2902 988 3330 1052 clarissimum
3376 988 3565 1053 nobis
3609 989 3896 1069 adiungi,
3944 989 4056 1074 qui
4101 1010 4231 1053 non
4274 994 4541 1052 tantum

1014 1121 1307 1185 scholam
1349 1128 1642 1185 nostram
1681 1121 1997 1203 illustret,
2044 1121 2157 1186 sed
2204 1123 2405 1186 etiam
2451 1122 2808 1187 excellenti
2850 1144 2969 1185 sua
3002 1122 3300 1186 doctrina
3342 1144 3460 1186 nos
3506 1143 3763 1207 quoque
3807 1122 4097 1206 reliquos
4142 1121 4543 1185 doctorellos

1016 1255 1295 1320 erudiat.
1365 1256 1476 1320 Ita
1521 1257 1694 1320 enim
1738 1278 1879 1319 sum
1925 1256 2220 1335 affectus,
2268 1262 2343 1320 ut
2386 1258 2562 1320 inter
2601 1256 2926 1320 doctiores
2971 1258 3191 1340 potius
3234 1255 3481 1319 versari
3526 1255 3807 1338 gestiam
3855 1276 4051 1338 quam
4096 1256 4271 1318 inter
4315 1254 4541 1316 indoc—

1015 1391 1240 1456 tiores.
1317 1388 1537 1462 Quare
1583 1391 1639 1454 si
1682 1391 1781 1454 ita
1823 1393 2114 1454 rationes
2160 1391 2477 1475 principis
2523 1390 2821 1468 tulerint,
2867 1409 3024 1453 cura
3066 1397 3134 1453 et
3179 1388 3359 1452 effice
3404 1387 3607 1452 talem
3652 1394 4043 1472 tantumque
4089 1389 4300 1451 virum
4347 1386 4544 1450 nobis

1014 1499 1386 1609 procurare.
1476 1523 1819 1585 Postremo
1865 1522 2076 1609 habeo
2109 1521 2236 1585 tibi
2282 1523 2571 1607 gratiam
2610 1544 2725 1608 pro
2757 1528 2872 1585 tuo
2904 1543 3172 1586 munere
3202 1521 3365 1585 mihi
3411 1521 3847 1607 optatissimo.
3907 1521 4159 1607 Legam
4193 1522 4365 1584 enim
4397 1521 4540 1583 Mo-

1015 1654 1197 1720 linaei
1224 1655 1464 1719 librum
1498 1655 1690 1719 avide
1720 1654 1950 1718 multis
1995 1654 2072 1718 de
2119 1656 2354 1735 causis,
2403 1661 2543 1718 tum
2590 1656 2790 1718 etiam
2837 1653 2919 1717 ob
2953 1675 3115 1734 eam,
3149 1658 3224 1716 ut
3252 1654 3629 1738 intelligam
3661 1675 3788 1738 quo
3819 1655 4090 1717 crimine
4123 1652 4545 1717 doctissimus

1015 1789 1120 1851 vir
1165 1787 1435 1851 exilium
1480 1788 1815 1849 meruerit.
1890 1786 2036 1871 Ego
2082 1786 2208 1850 tibi
2253 1787 2420 1851 nihil
2467 1788 2859 1870 α’ντιδώρων
2901 1808 3159 1872 possum
3208 1788 3473 1851 mittere
3520 1793 3765 1872 praeter
3808 1789 4118 1872 gratiam,
4164 1807 4359 1871 quam
4403 1807 4542 1849 ser-

1015 1922 1179 1986 vabo
1225 1921 1577 2003 reddend0‚
1624 1942 1818 2006 quam
1866 1923 2068 1986 etiam
2115 1928 2303 1985 tuum
2346 1923 2514 1987 illud
2560 1923 2858 2002 ἐπιεικὲς
2904 1922 3061 1986 boni
3107 1920 3423 2003 consulet,
3471 1921 3575 1983 cui
3624 1921 3826 1984 etiam
3870 1919 4171 1983 adscribo
4219 1918 4541 2003 quidquid

1016 2062 1117 2120 est
1160 2063 1545 2137 erratorum,
1591 2057 1751 2119 item
1798 2057 2083 2120 insulsas
2126 2057 2321 2121 hasce
2367 2057 2600 2121 literas
2647 2064 2714 2121 et
2760 2055 3076 2142 quidquid
3121 2053 3388 2119 tandem
3434 2052 3964 2139 deprecationem
4012 2061 4319 2116 meretur.
4389 2052 4546 2115 Erit

1016 2189 1216 2252 etiam
1264 2186 1573 2272 deinceps
1619 2209 1871 2273 semper
1916 2185 2179 2251 ἄσυλον
2236 2210 2451 2253 meum
2499 2188 2674 2273 apud
2720 2195 2785 2252 te
2841 2194 2960 2251 tua
3015 2186 3452 2273 philosophia,
3497 2187 3564 2250 id
3616 2194 3715 2251 est
3760 2186 4077 2251 ἐπιεικέα.
4167 2186 4363 2250 Vale.
4450 2187 4545 2250 Et

1015 2318 1238 2383 Nisaeo
1283 2324 1527 2399 nostr0‚
1574 2320 1734 2382 item
1785 2318 1987 2382 Caelio
2035 2320 2320 2394 Curioni,
2364 2321 2506 2382 viro
2553 2319 2944 2394 doctissim0‚
2990 2320 3273 2384 salutem
3318 2319 3485 2384 dico,
3535 2320 3656 2386 Cui
3688 2319 3902 2384 adhuc
3932 2320 4237 2384 scribam.
4282 2319 4545 2383 Moram

1015 2450 1183 2514 hanc
1227 2449 1581 2514 secundam
1627 2450 1802 2536 apud
1850 2473 2017 2531 eum,
2064 2472 2304 2536 quaem,
2352 2457 2688 2515 excusato·
2777 2450 3147 2535 Thubingae
3193 2451 3339 2514 1111
3386 2451 3728 2516 Decembr.
3792 2473 3961 2514 anno
4008 2451 4205 2516 salut.
4251 2449 4544 2513 MDLII.

1264 2583 1580 2648 Intellexi
1639 2585 1866 2649 fratris
1919 2586 2048 2649 mei
2101 2584 2206 2649 Jo.
2261 2584 2466 2650 Ulrici
2526 2605 2794 2648 uxorem
2846 2587 2971 2648 hac
3027 2585 3138 2648 lue
3187 2605 3446 2669 quoque
3496 2583 3673 2669 apud
3718 2605 3836 2648 vos
3890 2583 4243 2648 decessisse
4289 2585 4548 2648 relictis

1016 2715 1244 2781 liberis
1286 2717 1558 2799 duobus,
1621 2740 1782 2802 quos
1828 2720 2030 2782 etiam
2095 2719 2291 2783 audio
2349 2719 2590 2804 pictori
2643 2696 2901 2782 cuidam
2949 2739 3086 2782 esse
3133 2716 3619 2781 commendatos
3664 2716 4055 2783 educandos.
4145 2717 4287 2783 Hoc
4331 2719 4549 2803 igitur

1017 2848 1215 2914 officii
1257 2849 1376 2914 abs
1419 2857 1486 2915 te
1527 2873 1704 2935 rog0‚
1760 2853 1863 2916 vir
1917 2853 2297 2935 clarissime,
2352 2860 2430 2917 ut
2474 2875 2592 2938 per
2635 2854 2893 2939 aliquos
2937 2853 3016 2916 de
3063 2859 3181 2917 tua
3227 2852 3482 2915 familia
3525 2853 3840 2937 inquiras,
3896 2874 4052 2915 num
4098 2859 4279 2916 recte
4326 2859 4395 2915 et
4432 2851 4549 2915 ho·

1015 2989 1200 3047 neste
1249 2989 1564 3047 curentur
1607 2988 1676 3047 et
1720 2986 2012 3068 proxime
2059 3005 2160 3048 me
2208 3006 2466 3069 quoque
2517 2986 2864 3049 certiorem
2910 2986 3131 3051 facias.
3219 2983 3289 3049 Si
3340 2984 3495 3068 quid
3539 2987 3712 3049 enim
3759 3008 3923 3071 opus
3966 2987 4139 3050 foret
4169 3010 4286 3073 pro
4320 3011 4548 3054 eorum

1016 3115 1522 3189 sustentatione,
1564 3134 1689 3198 ego
1740 3114 1965 3178 fratris
2025 3117 2288 3179 nomine
2337 3116 2850 3182 subministrabo
2897 3127 2963 3182 et
3007 3119 3314 3204 deinceps
3353 3118 3702 3204 purificato
3748 3129 3898 3185 aere
3947 3120 4026 3185 de
4070 3122 4551 3186 transferendis

1015 3247 1099 3311 iis
1142 3248 1224 3311 ad
1269 3254 1529 3312 nostros
1576 3246 1909 3331 cogitabo,

3010 3383 3190 3448 Tuus
3233 3387 3616 3454 Nicolaus
3658 3389 4290 3456 Varenbulerus.

1218 3515 1471 3581 (Redditae
1508 3516 1586 3569 10.
1624 3516 1887 3570 Decembr.
1924 3518 2027 3574 52.)

2616 3749 3007 3764 ΛΜ*

2712 4141 2863 4209 XV.

1904 4315 2372 4400 Bonifacius
2438 4317 3035 4399 Amerbachius
3100 4317 3413 4401 Basilio
3477 4317 3669 4403 filio.

2267 4504 2410 4572 (Cod.
2447 4505 2718 4559 Basilicus,
2787 4504 2850 4558 G.
2886 4505 2956 4558 11.
2996 4506 3073 4558 14.
3110 4506 3196 4559 fol.
3235 4508 3371 4566 178.)

1569 4653 1840 4725 Bas-ilio
1892 4652 2346 4724 Amerbachio
2395 4653 2587 4723 Iuris
2637 4652 2936 4723 studioso
2991 4652 3329 4760 Dabinyoe,
3384 4654 3528 4744 filio
3583 4654 4001 4726 charissimo.

2837 4850 2958 4866 “N-F

1276 4965 1342 5032 S.
1390 4965 1464 5029 P.
1553 4965 1954 5032 charissime
2013 4967 2170 5032 Fili.
2276 4966 2386 5031 Ad
2448 4966 2683 5030 literas
2742 4972 2894 5030 tuas
2951 4965 3114 5029 mihi
3167 4987 3378 5051 nuper
3438 4986 3476 5029 a
3545 4965 3744 5030 Petro
3808 4965 4142 5031 exhibitas
4207 4969 4560 5052 quominus

1026 5101 1199 5164 κατὰ
1244 5099 1591 5178 κεφάλεον
1631 5098 2025 5185 respondere
2072 5100 2341 5185 possim,
2386 5102 2701 5186 augustia
2744 5101 3060 5186 temporis
3101 5098 3435 5164 excludor.
3523 5099 3694 5163 Nam
3740 5099 3819 5164 de
3863 5100 3987 5164 hoc
4017 5100 4255 5165 nuncio
4287 5121 4326 5164 a
4365 5100 4558 5164 Prin-

1028 5233 1193 5317 cipis
1256 5232 1533 5318 Georgii
1589 5232 1808 5297 scriba
1860 5234 2233 5316 admoneor,
2292 5256 2439 5299 cum
2494 5235 2672 5298 intra
2724 5234 2953 5298 horam
3012 5232 3315 5296 abiturus
3375 5236 3443 5295 et
3508 5230 3670 5294 mihi
3714 5229 3799 5294 ad
3842 5238 4320 5317 praeceptorem
4364 5239 4558 5297 tuum

1027 5363 1389 5428 liberorum
1446 5365 1673 5430 fratris
1728 5367 1832 5431 sui
1886 5388 2088 5432 causa
2130 5366 2550 5433 scribendum
2595 5373 2789 5432 esset.
2877 5365 3177 5431 Scribam
3221 5364 3515 5450 proxime
3560 5363 3645 5428 ad
3687 5363 3970 5449 singula.
4059 5365 4250 5432 Nunc
4293 5372 4560 5430 tantum

1027 5495 1291 5561 habeto,
1380 5497 1453 5564 Si
1510 5500 1904 5585 praeceptori
1964 5506 2080 5564 tuo
2134 5502 2447 5588 migratio
2495 5510 2612 5565 tua
2656 5501 2897 5586 placet,
2954 5500 3116 5564 mihi
3158 5521 3289 5563 non
3334 5497 3703 5584 displicere,
3747 5497 3938 5563 modo
3986 5519 4064 5564 ea
4109 5499 4424 5565 libertate
4470 5501 4557 5566 ad

3835 5721 3912 5727 -
4343 5724 4522 5732 —
4699 5691 4764 5732 s
