4914 6782
133 573 559 635 ft—
590 568 3638 578 ffl-m—

2070 686 2148 751 19
4069 638 4077 996 ι

133 958 136 993 s
345 912 526 976 ribus
570 911 856 976 scribere
902 910 1342 997 impediebar)
1390 912 1782 997 gaudebam.
1847 912 2179 976 Putabam
2226 913 2400 976 enim
2443 913 2670 977 eodem
2710 913 2943 978 nuntio
2988 913 3057 977 id
3099 935 3202 977 me
3258 919 3874 999 compensaturum3

348 1068 573 1111 verum
620 1045 773 1108 dum
819 1045 979 1109 mihi
1026 1045 1105 1109 de
1150 1045 1371 1110 nuntii
1412 1045 1596 1110 illius
1639 1045 1829 1110 abitu
1871 1045 2211 1110 nuntianti
2257 1052 2554 1130 expecto,
2601 1046 2734 1109 iam
2779 1043 3059 1110 abierat.
3146 1043 3303 1111 Sive
3348 1047 3558 1132 igitur
3585 1046 3643 1110 is
3680 1045 3765 1109 ad
3802 1050 3872 1110 te
4070 1014 4078 1093 i

350 1179 609 1243 venerit
653 1181 791 1244 sive
833 1179 1430 1265 praetervolaverit‚
1493 1200 1651 1244 vera
1697 1186 1852 1244 sunt
1897 1201 2043 1266 quae
2088 1179 2323 1260 scribo,
2383 1200 2619 1264 meque
2665 1176 2928 1242 exusari
2973 1178 3186 1263 cupio.
3253 1177 3397 1241 Iam
3440 1178 3651 1263 igitur
3699 1175 3872 1263 quod

346 1310 675 1395 reliquum
723 1315 844 1392 est,
892 1310 1341 1395 superioribus
1369 1309 1583 1375 literis
1628 1312 1954 1385 omissum,
1999 1311 2231 1397 paucis
2274 1310 2644 1397 expediam.
2703 1312 2796 1375 Et
2827 1312 3107 1397 primum
3138 1311 3312 1397 quod
3349 1311 3434 1375 ad
3465 1310 3872 1375 commenda·

347 1447 592 1511 tionem
622 1445 746 1510 filii
773 1447 982 1511 nostri
1028 1447 1389 1511 communis
1433 1446 1700 1528 attinet,
1746 1447 1963 1532 ipsum
2007 1444 2184 1530 apud
2228 1467 2330 1510 me
2378 1448 2806 1509 συστατικῶν
2848 1447 3230 1509 ἐπιστολῶν
3272 1444 3572 1531 indigere
3604 1445 3871 1508 minime

344 1582 509 1646 scire
556 1580 774 1645 debes.
844 1581 1137 1645 Primum
1184 1582 1356 1645 enim
1400 1580 1530 1644 fuit
1571 1578 1729 1643 mihi
1777 1586 1847 1644 et
1889 1579 2103 1644 adhuc
2150 1587 2252 1643 est
2293 1580 2402 1644 vel
2447 1585 2566 1645 tua
2613 1599 2845 1643 caussa
2876 1578 3313 1660 charissimus,
3347 1577 3583 1642 deinde
3627 1578 3771 1662 ipse
3802 1597 3872 1640 se

346 1716 597 1779 virtute
642 1736 763 1779 sua
807 1714 1094 1779 moribus
1137 1713 1358 1779 indole
1401 1717 1607 1796 atque
1651 1712 1921 1797 ingenio
1967 1713 2065 1776 ita
2108 1713 2269 1776 mihi
2311 1713 2454 1776 iure
2502 1710 2933 1792 commendat,
3001 1714 3078 1773 ut
3134 1708 3349 1774 adhuc
3406 1708 3568 1773 mihi
3614 1708 3872 1773 charior

345 1848 988 1934 commendatiorque
1035 1849 1301 1913 existat.
1389 1846 1470 1911 Id
1515 1846 1688 1932 quod
1732 1845 2044 1911 fidentius
2088 1846 2168 1910 de
2214 1867 2290 1911 eo
2334 1845 2569 1927 scribo,
2617 1850 3002 1929 consumpto
3047 1844 3180 1907 iam
3226 1865 3374 1907 cum
3414 1865 3490 1907 eo
3538 1842 3699 1907 salis
3742 1864 3872 1906 mo·

346 1981 540 2048 dioIO.
628 1981 779 2046 Non
825 1983 999 2046 enim
1044 2003 1306 2067 possum
1351 1981 1551 2045 aliter
1595 1980 1675 2045 de
1730 2001 1807 2044 eo
1856 1980 2151 2043 iudicare
2198 2000 2393 2064 quam
2459 1977 2537 2043 de
2582 1977 3005 2042 adolescente
3050 1977 3159 2061 pio
3204 1975 3497 2040 modesto
3542 1980 3611 2039 et
3653 1973 3872 2038 indole

346 2114 745 2198 ingenioque
790 2112 1066 2198 praedito
1110 2114 1302 2196 bon0,
1350 2112 1428 2177 de
1475 2135 1603 2198 quo
1647 2135 1778 2178 non
1823 2112 1950 2175 nisi
1993 2112 2281 2176 maxima
2336 2130 2614 2196 quaeque
2678 2107 3006 2193 speranda
3048 2113 3220 2173 sunt.
3284 2105 3505 2181 Quare
3553 2112 3654 2171 est
3697 2104 3873 2191 quod

345 2245 489 2321 tibi,
533 2246 636 2309 vir
669 2245 1048 2328 clarissime,
1094 2246 1394 2331 gratuler
1437 2246 1877 2321 vehementer,
1928 2245 2041 2329 qui
2070 2244 2274 2309 talem
2305 2243 2685 2328 posteritati
2715 2241 3070 2307 relicturus
3109 2240 3465 2326 aliquando
3511 2241 3600 2305 sis
3643 2238 3873 2317 filium,

346 2378 528 2464 prius
579 2385 802 2443 tamen
847 2379 970 2443 hoc
1015 2385 1201 2445 tuum
1267 2385 1618 2465 paternum
1684 2377 2103 2463 desyderium
2178 2377 2566 2462 expleturus
2633 2356 3278 2462 gaudiumque'tuis
3335 2375 3545 2439 oculis
3599 2375 3874 2450 visurus,

348 2512 521 2597 quod
565 2512 671 2576 vel
720 2513 908 2577 Celso
952 2515 1129 2599 patri
1173 2514 1280 2578 vel
1325 2513 1571 2578 Nervae
1616 2512 1682 2575 in
1730 2515 1869 2576 suis
1911 2510 2071 2575 filiis
2117 2510 2501 2575 clarissimis
2547 2510 2848 2594 contigit.
2940 2508 3146 2572 Venit
3207 2513 3429 2572 autem
3488 2507 3571 2571 ad
3616 2528 3734 2571 nos
3777 2508 3872 2570 in-

347 2646 764 2730 tempestive,
812 2652 972 2710 tunc
1016 2646 1295 2729 scilicet,
1371 2669 1520 2711 cum
1588 2646 1788 2710 ferias
1859 2649 2118 2708 nostras
2189 2640 2624 2706 vindemiales
2695 2641 3172 2713 inchoaremus‚
3220 2661 3365 2725 quae
3413 2641 3613 2705 etiam
3659 2638 3873 2704 adhuc

347 2778 609 2853 durant,
652 2780 752 2843 ita
797 2783 874 2843 ut
915 2778 1094 2843 filius
1138 2784 1295 2844 tuus
1340 2802 1575 2866 parum
1618 2777 1823 2845 studii
1869 2783 2070 2862 atque
2117 2775 2486 2861 diligentiae
2518 2773 2691 2859 apud
2725 2794 2829 2837 me
2858 2771 3180 2837 hactenus
3209 2772 3474 2838 viderit.
3561 2772 3874 2858 Cogimur

349 2912 520 2976 enim
551 2933 655 2977 res
684 2917 945 2976 nostras
986 2911 1346 2977 familiares
1389 2913 1522 2977 iam
1569 2933 1799 2978 curare
1844 2912 2196 2997 paenuique
2241 2910 2613 2995 prospicere
2644 2908 3064 2972 formicarum
3104 2907 3424 2992 exemplu.
3488 2906 3617 2972 Sed
3664 2908 3873 2971 otium

346 3043 470 3108 hoc
513 3066 642 3108 non
688 3044 974 3109 collocat
1014 3044 1189 3109 male
1232 3046 1527 3126 interim3
1585 3043 1818 3109 scribit
1862 3043 2034 3107 enim
2080 3047 2147 3107 et
2190 3041 2359 3127 legit
2401 3041 2630 3106 sedulo
2670 3046 2739 3106 et
2783 3046 3116 3127 praeparat
3159 3061 3302 3107 sese
3348 3039 3671 3125 singulari
3717 3060 3872 3125 qua-

349 3178 496 3241 dam
542 3178 894 3263 diligentia
937 3178 1177 3242 futuris
1223 3177 1623 3242 lectionibus
1665 3177 2052 3262 studiisque,
2098 3177 2168 3241 in
2215 3175 2453 3262 quibus
2482 3176 2681 3240 etiam
2724 3197 2854 3239 non
2902 3182 3004 3240 est
3048 3180 3184 3238 tam
3229 3173 3412 3239 rudis
3456 3180 3525 3239 et
3568 3195 3750 3259 puer,
3799 3179 3874 3237 ut

347 3316 443 3389 tu,
478 3333 607 3397 qua
640 3332 708 3375 es
744 3310 1086 3394 modestia,
1133 3311 1350 3376 literis
1390 3312 1527 3376 tuis
1569 3311 1963 3376 extenuasti.
2026 3310 2478 3394 Praeterquam
2524 3309 2696 3372 enim
2741 3308 2912 3393 quod
2946 3307 3376 3372 fundamenta
3405 3308 3749 3372 literarum
3792 3328 3870 3371 ac

347 3445 782 3531 philosophiae
827 3445 1116 3511 utilioris
1159 3446 1365 3511 habet
1409 3443 1766 3513 commoda.
1814 3465 1922 3508 eos
1966 3443 2167 3507 etiam
2214 3440 2281 3505 in
2327 3442 2469 3504 iure
2515 3440 2700 3504 civili
2747 3440 3057 3525 (maxime
3096 3440 3164 3502 in
3195 3439 3727 3504 institutionibus
3756 3440 3871 3503 im-

346 3579 731 3664 perialibuS,
775 3585 1089 3665 tanquam
1125 3581 1324 3644 certis
1362 3578 1705 3665 principiis
1750 3576 2118 3661 disciplinae
2161 3575 2432 3659 nostrae)
2480 3595 2865 3660 progressus
2896 3573 3073 3655 fecit,
3121 3594 3287 3658 quos
3332 3594 3476 3658 ego,
3523 3579 3600 3637 ut
3645 3594 3871 3637 verum

347 3711 577 3787 dicam,
624 3718 692 3776 et
734 3712 1019 3777 admiror
1065 3718 1133 3777 et
1175 3713 1346 3777 facio
1393 3712 1617 3798 magni
1660 3716 1729 3776 et
1771 3716 2127 3796 propterea
2170 3729 2422 3794 sperem
2468 3707 2647 3773 hisce
2693 3705 3263 3792 progressionibus
3301 3726 3450 3770 eum
3496 3726 3643 3769 cum
3672 3703 3868 3768 laude

346 3847 414 3911 in
460 3847 581 3912 hoc
625 3847 840 3912 stadio
890 3869 1251 3914 cursurum.
1312 3848 1472 3912 Haec
1518 3868 1665 3910 cum
1722 3844 2075 3909 scriberem
2121 3848 2190 3907 et
2232 3842 2445 3906 adhuc
2517 3841 2711 3928 plura
2778 3838 3018 3904 addere
3064 3838 3328 3919 vellem,
3390 3859 3471 3904 ex
3513 3838 3869 3923 improviso

349 3986 665 4044 evocatus
705 4000 847 4043 sum
879 3979 960 4043 ad
992 3980 1384 4066 Principem.
1445 3979 1666 4055 Quare
1702 3983 2022 4068 abrumpo
2047 3981 2253 4064 filum,
2286 3981 2459 4067 quod
2485 3981 2784 4046 consules
2812 3980 2990 4045 boni.
3054 3980 3359 4044 Proxime
3394 3978 3630 4043 addam
3660 3979 3868 4064 plura,

346 4111 471 4176 hoc
502 4118 724 4176 tamen
755 4113 886 4176 iam
926 4112 1338 4194 subnectam,
1386 4119 1463 4178 ut
1506 4114 1585 4178 de
1638 4117 1920 4200 pecunia
1965 4115 2047 4180 ad
2093 4138 2211 4181 nos
2253 4114 2579 4180 mittenda
2624 4114 2926 4179 solicitus
2970 4135 3098 4178 non
3142 4114 3251 4195 sis,
3299 4133 3444 4176 cum
3468 4111 3682 4177 adhuc
3702 4112 3869 4177 nihil

347 4386 570 4445 tamen
613 4382 777 4446 mihi
818 4403 948 4445 non
993 4381 1227 4445 fuisset
1271 4379 1562 4464 difficile,
1606 4381 1818 4447 multo
1862 4383 2076 4446 minus
2119 4381 2488 4462 molestum,
2550 4379 2688 4444 filio
2748 4387 2863 4444 tuo
2924 4380 3422 4444 subministrare
3468 4379 3869 4443 necessarios

350 4519 420 4576 et
460 4512 772 4578 honestos
816 4518 1136 4598 sumptus.
1227 4511 1420 4594 Vale,
1466 4514 1569 4578 vir
1627 4514 1988 4578 clarissime
2034 4519 2102 4577 et
2148 4513 2446 4577 columen
2494 4512 3029 4598 iurisprudentiae
3084 4511 3409 4597 decusque
3454 4519 3867 4597 perpetuum,

347 4651 417 4710 et
458 4667 582 4728 me,
629 4647 805 4732 quod
848 4646 1030 4728 facis,
1077 4667 1247 4710 ama.
1320 4646 1467 4732 Ego
1514 4653 1581 4712 te
1627 4646 1839 4713 coiam
1884 4648 2084 4712 etiam
2129 4647 2282 4711 dum
2322 4647 2561 4721 vivam,
2603 4644 2940 4730 filiumque
2993 4651 3182 4709 tuum
3228 4651 3303 4709 ut
3344 4665 3562 4708 meum
3606 4646 3868 4708 curabo,

346 4776 453 4841 XI
501 4776 833 4844 Octobris.
880 4780 1076 4844 Anno
1122 4779 1413 4846 MDLII.

2257 4888 2438 4952 Tuus
2481 4890 2863 4955 Nicolaus
2909 4885 3532 4951 Varenbulerus.

515 5019 796 5084 Domino
844 5018 1050 5086 Coelio
1094 5021 1379 5086 salutem
1433 5021 1615 5085 dicas
1677 5022 1879 5086 velim
1925 5022 2371 5085 amantissime
2436 5022 2782 5105 tantisper,
2853 5017 3005 5081 dum
3060 5018 3121 5082 ei
3182 5017 3426 5101 possim
3485 5017 3865 5082 rescribere.

4069 3575 4076 3872 Ι

4067 3929 4073 4182 Ι

348 4246 608 4320 debeaS,
653 4246 768 4310 sed
814 4268 937 4333 ego
984 4247 1112 4312 tibi
1143 4248 1365 4333 potius
1409 4248 1491 4312 ob
1537 4256 1846 4334 acceptos
1889 4249 2133 4334 viginti
2179 4270 2486 4314 renenses
2534 4267 2786 4328 aureos,
2836 4250 2904 4309 et
2949 4244 3003 4309 si
3052 4245 3253 4309 etiam
3298 4243 3519 4307 nullos
3560 4243 3866 4325 misisses,
4067 4197 4072 4462 Ι

4067 4467 4072 4680 ἒ

349 5153 541 5228 Quod
584 5155 843 5236 faciam,
893 5176 1091 5239 quam
1136 5155 1416 5240 primum
1461 5161 1712 5239 poter0.

4064 5375 4070 5450 1
