4914 6782
1722 566 4758 615 *ψῃ-*Ὗ

2210 706 2215 715 .
2769 693 2866 755 ,44

1058 896 1428 976 praeceptor
1486 911 1667 954 meus
1742 888 2086 973 discipulis
2145 889 2283 953 suis
2342 888 2910 968 commensalibus,
2969 887 3230 973 quando
3290 888 3546 962 volunt,
3602 895 3831 953 mutuo
3892 888 4048 952 dare
4108 888 4387 972 ideoque
4452 890 4586 952 iam

1056 1023 1259 1088 semel
1317 1031 1385 1088 et
1427 1024 1688 1095 iterum,
1749 1022 1804 1086 si
1851 1021 2011 1106 quid
2056 1021 2315 1101 vellem,
2365 1027 2439 1086 ut
2483 1022 2918 1103 admonerem,
2958 1021 3320 1088 mandavit.
3386 1021 3487 1087 De
3531 1015 3773 1087 Azone⁴
3806 1021 4158 1087 Hostiense
4205 1029 4275 1087 et
4319 1023 4586 1108 Angelo
4765 997 4770 1153 ξ

1055 1177 1294 1241 sequar
1338 1154 1511 1240 quod
1554 1154 1767 1218 iubes.
1855 1154 2065 1217 Portii
2110 1154 2597 1219 commentariis
2639 1175 2679 1218 a
2725 1154 2996 1219 Bellono
3041 1155 3417 1241 recognitis,
3462 1175 3583 1220 nec
3626 1155 3841 1219 minus
3880 1156 4084 1219 etiam
4139 1154 4416 1241 Klingio
4460 1157 4584 1238 uti,
4765 1166 4768 1195 Ὗ

1057 1290 1114 1353 si
1172 1289 1469 1376 postulet
1521 1288 1899 1368 necessitas,
1961 1287 2480 1352 commodissime
2525 1308 2820 1372 possum;
2872 1308 3024 1350 nam
3080 1285 3573 1351 contubernalis
3616 1307 3799 1350 meus
3844 1306 3958 1350 eos
4005 1285 4209 1351 habet
4253 1286 4585 1359 authores,

1056 1422 1170 1507 qui
1225 1421 1387 1486 mihi
1445 1421 1899 1502 libentissime,
1956 1428 2031 1485 ut
2088 1427 2240 1486 utar
2291 1422 2394 1501 iis,
2453 1419 2771 1485 concedit.
2881 1420 3160 1485 Antonii
3215 1419 3451 1484 Massae
3519 1420 4048 1506 Praeperationes
4110 1420 4313 1484 semel
4379 1428 4581 1505 atque

1056 1553 1318 1635 iterum,
1367 1576 1513 1618 cum
1560 1555 1772 1620 adhuc
1832 1555 2113 1619 Basileae
2168 1576 2390 1631 essem,
2448 1554 2588 1639 legi
2642 1560 2710 1619 et
2762 1552 2922 1638 quid
2967 1553 3137 1617 velit
3190 1552 3258 1615 in
3299 1552 3554 1616 recenti
3593 1551 3909 1616 memoria
3951 1550 4184 1615 habeo.
4276 1549 4468 1625 Quod
4511 1554 4581 1617 in

1057 1692 1392 1772 postrema
1439 1688 1736 1773 epistolae
1778 1694 1914 1752 tuae
1959 1693 2149 1773 parte
2197 1688 2275 1752 de
2320 1689 2727 1773 profectione
2754 1688 3084 1753 Patavina
3127 1709 3342 1772 rogas,
3388 1687 3682 1753 breviter
3726 1688 4107 1773 respondeo,
4152 1687 4316 1751 mihi
4359 1685 4580 1771 (modo

1056 1820 1183 1884 tibi
1226 1842 1355 1884 non
1403 1820 1785 1906 displiceat)
1831 1842 1978 1885 eum
2022 1820 2238 1885 locum
2283 1821 2521 1886 studiis
2563 1824 2725 1886 meis
2763 1820 2974 1885 videri
3019 1821 3362 1905 aptiorem.
3450 1819 3622 1884 Nam
3659 1825 3904 1906 praeter
3961 1820 4361 1906 professores
4401 1842 4583 1886 acce-

1057 1952 1223 2018 dunt
1268 1954 1514 2018 crebrae
1560 1954 2042 2039 disputationes
2085 1954 2527 2019 studiosorum
2559 1960 2628 2019 et
2658 1953 3017 2019 Doctorum
3049 1953 3524 2034 concursiones,
3571 1973 3768 2037 quam
3797 1972 3933 2016 rem
3969 1950 4318 2015 admodum
4349 1951 4580 2016 utilem

1057 2093 1348 2153 testatur
1403 2087 1486 2152 D.
1536 2088 1916 2154 Grribaldus.
2005 2089 2413 2174 Praeceptori
2468 2089 2814 2173 quominus
2877 2085 3451 2172 (quemadmodum
3505 2084 3864 2171 mandasti)
3935 2085 4218 2150 salutem
4275 2084 4579 2167 dicerem,

1054 2222 1126 2285 in
1180 2243 1415 2286 caussa
1465 2221 1594 2285 fuit
1655 2223 1797 2286 eius
1841 2223 2164 2288 absentia.
2252 2220 2513 2285 Nudius
2558 2222 2726 2285 enim
2777 2226 3053 2304 quartus
3096 2217 3178 2282 ad
3219 2219 3490 2283 fratrem
3535 2239 3726 2282 suum
3758 2218 4287 2304 Margraviorum
4329 2215 4581 2281 Baden·

1056 2358 1224 2421 sium
1287 2353 1774 2420 cancellarium
1847 2354 1929 2417 ob
1995 2373 2111 2417 sua
2178 2352 2475 2437 quaedam
2535 2358 2806 2438 negotia
2870 2353 3204 2438 profectus
3269 2360 3391 2417 est.
3479 2351 3658 2416 Bene
3705 2351 3876 2433 vale,
3923 2351 4302 2415 charissime
4367 2358 4579 2438 pater.

1057 2483 1168 2552 III
1212 2488 1491 2574 Aprilis.
1582 2487 1773 2562 Quod
1837 2488 1920 2552 ad
1978 2489 2194 2552 omnia
2250 2487 2520 2552 brevius
2574 2487 2898 2573 respondi,
2957 2489 3025 2551 in
3080 2508 3309 2552 caussa
3352 2482 3481 2552 fuit
3524 2488 3842 2573 temporis
3886 2487 4201 2565 brevitas,
4247 2487 4362 2550 vix
4407 2486 4578 2549 enim

1056 2621 1398 2687 semihorae
1443 2624 1733 2708 spatium
1776 2624 1921 2701 fuit,
1968 2643 2097 2707 quo
2146 2623 2270 2686 tibi
2313 2620 2762 2686 rescriberem.
2850 2619 3104 2684 Iterum
3149 2620 3322 2685 vale.

3014 2754 3609 2820 Obedientissimus
3652 2754 3829 2819 filius
3873 2756 4243 2821 Basilius,

1260 2888 1513 2955 (Redditae
1549 2890 1627 2943 10.
1663 2890 1862 2959 Aprilis
1897 2892 1986 2942 A0.
2024 2890 2128 2954 53.)

2597 3284 3084 3298 w-'ae-vrmma

1957 3875 2421 3959 Bonifacius
2487 3880 3074 3962 Amerbachius
3139 3879 3440 3962 Basilio
3505 3880 3696 3964 filio.

4761 3274 4764 3307 ι

4759 3364 4764 3430 ἰ

4759 3457 4763 3496 Δ

4759 3555 4762 3598 ἰ

2715 3708 3004 3774 XXVII.
4758 3639 4762 3854 Ξ

2297 4041 2440 4108 (Cod.
2475 4041 2744 4095 Basiliens.
2784 4041 2847 4096 G.
2881 4042 2951 4096 11.
2990 4043 3069 4096 14.
3106 4042 3192 4096 fol.
3232 4043 3365 4107 187.)
4756 3879 4762 4074 i

1651 4186 1922 4258 Basilio
1973 4184 2451 4274 AmerbaclziO,
2503 4185 2679 4257 iuris
2728 4187 3048 4275 studiose,
3108 4188 3445 4280 sllcbinqoe,
3499 4188 3642 4278 filio
3695 4187 3958 4259 dilecte.

2675 4365 2741 4380 ’Ν

1305 4485 1371 4551 S.
1422 4486 1494 4549 P.
1582 4486 1744 4552 Cum
1807 4487 1999 4552 hodie
2051 4509 2091 4551 a
2144 4486 2437 4572 prandi0‚
2500 4487 2672 4573 quod
2723 4510 2870 4553 cum
2927 4490 3207 4554 Domino
3263 4490 3618 4556 Francisco
3676 4490 4008 4573 DuarenO,
4054 4493 4248 4577 primi
4300 4493 4579 4556 nominis

1053 4619 1503 4683 iureconsulto
1544 4641 1621 4684 ac
1682 4641 1983 4705 supremo
2029 4620 2201 4706 apud
2250 4620 2594 4705 Biturigas
2638 4621 2861 4707 legum
2907 4623 3291 4708 professore,
3336 4625 3604 4708 sumpsi,
3651 4624 3912 4688 domum
3956 4624 4258 4706 redirem,
4309 4626 4576 4690 Petrum

1054 4752 1363 4815 nuncium
1410 4752 1579 4816 forte
1624 4753 1888 4817 fortuna
1934 4754 2002 4816 in
2049 4752 2264 4817 Rheni
2308 4759 2509 4837 ponte
2556 4754 2820 4818 obviam
2850 4755 3074 4838 habui,
3118 4755 3416 4820 Illustris
3445 4756 3774 4843 Principis
3807 4756 4088 4844 Georgii
4122 4779 4200 4823 ac
4229 4765 4383 4823 tuas
4418 4759 4578 4823 mihi

1053 4883 1286 4948 literas
1332 4884 1742 4967 offerentem3
1790 4887 2028 4971 quibus
2071 4886 2386 4972 perlectis
2418 4887 2546 4952 etsi
2591 4886 2757 4950 nihil
2796 4887 3161 4951 invenerim
3202 4887 3373 4972 quod
3418 4888 3859 4975 maximopere
3890 4911 4064 4954 nunc
4095 4891 4578 4976 responsionem

1055 5017 1366 5100 requirat,
1413 5017 1738 5103 Magistro
1784 5025 2007 5084 tamen
2049 5019 2383 5084 Henricho
2430 5020 2846 5095 Pantaleoni,
2891 5019 3275 5105 Theologiae
3328 5022 3627 5107 prolytae,
3684 5024 4256 5090 commendatitias
4313 5026 4576 5091 minime
4751 5041 4754 5106 Ι

1056 5150 1476 5236 denegandas
1522 5172 1661 5217 esse
1708 5153 1950 5235 censui,
2013 5173 2161 5217 cum
2221 5154 2393 5238 quod
2448 5154 2700 5218 nullam
2759 5154 3109 5238 scribendi,
3155 5177 3271 5242 pro
3317 5162 3593 5243 paterno
3638 5157 3901 5241 affectu,
3947 5160 4356 5224 occasionem
4401 5160 4575 5225 obla·

1054 5287 1191 5346 tam
1235 5286 1739 5369 praetermittere
1783 5287 2049 5369 soleam,
2098 5294 2239 5352 tum
2287 5287 2461 5373 quod
2505 5288 2677 5352 hunc
2720 5289 2824 5352 tui
2868 5308 2909 5352 a
2951 5309 3155 5373 puero
3191 5289 3357 5354 bene
3388 5290 3752 5356 studiosum
3784 5297 3853 5356 et
3882 5298 4213 5357 amantem
4247 5292 4573 5357 habueris.
4751 5249 4755 5352 Ι

1053 5415 1292 5501 ltaque
1339 5420 1591 5485 amicus
1626 5422 1922 5486 ‘amicum
1978 5428 2046 5486 et
2095 5423 2262 5487 civis
2319 5423 2531 5487 civem
2589 5423 2797 5488 amice
2852 5430 2921 5488 et
2979 5423 3272 5489 civiliter
3326 5426 3804 5511 complecteris.
3895 5424 4072 5500 Quin
4115 5427 4171 5492 si
4217 5448 4349 5512 qua
4392 5427 4463 5491 in
4506 5448 4574 5491 re

1053 5549 1180 5613 sibi
1227 5552 1636 5618 commodare
1681 5555 1905 5639 possis,
1952 5555 2093 5619 eius
2139 5563 2207 5621 te
2254 5557 2707 5641 expectationi
2750 5563 3083 5643 conceptae
3123 5557 3517 5643 respondere
3563 5558 3785 5638 velim,
3843 5581 3925 5624 ne
3970 5559 4187 5624 studio
4230 5559 4340 5625 vel
4383 5559 4573 5625 bene·

4363 5753 4732 5792 —dael
