4914 6782
2024 694 2107 759 43

308 876 503 941 rudes
539 898 671 941 non
714 878 945 943 venias
986 877 1447 959 numerandus,
1495 878 1609 962 qui
1647 900 1778 942 non
1823 876 2317 960 ἀναλφάβητος
2363 878 2570 962 (quod
2613 880 2684 942 in
2728 877 2956 944 Gallia
3000 884 3071 944 et
3091 876 3298 943 Italia
3341 879 3649 963 frequens
3679 882 3828 964 est),

310 1011 422 1078 sed
462 1011 844 1097 linguarum
899 1017 970 1076 et
1020 1010 1453 1097 philosophiae
1512 1012 1887 1097 cognitione
1930 1014 2294 1078 instructus
2355 1012 2652 1078 feliciore
2697 1012 3057 1098 diplomate
3102 1013 3171 1076 in
3215 1012 3454 1078 studiis
3497 1012 3833 1098 legalibus

308 1147 406 1211 uti
457 1147 689 1230 possis,
748 1146 880 1209 iam
936 1147 1138 1210 etiam
1192 1166 1309 1231 per
1357 1147 1823 1230 sesquiannum
1868 1147 2031 1211 iuris
2074 1146 2357 1212 auditor.
2457 1146 2644 1211 [nter
2687 1146 3281 1227 Institutionarios,
3344 1152 3421 1211 ut
3465 1146 3830 1232 appellant,

305 1279 589 1343 Ioannes
642 1278 864 1343 Faber
919 1299 1065 1344 mea
1117 1279 1450 1343 sententia
1503 1278 1655 1364 plus
1709 1277 1935 1343 iuditii
1990 1278 2233 1344 habere
2289 1278 2579 1354 videtur,
2649 1286 2718 1344 et
2777 1279 3124 1343 Bellonum
3179 1285 3476 1344 nostrum
3529 1280 3830 1344 Portium

303 1413 785 1496 recognovisse,
841 1418 912 1478 et
952 1412 1039 1477 ab
1081 1412 1438 1497 Isingrinio
1484 1432 1797 1478 excusum
1849 1432 1981 1475 non
2029 1412 2316 1496 ignoras.
2412 1410 2556 1476 Nec
2599 1411 2982 1475 infoeliciter
3034 1410 3295 1495 aliquot
3339 1432 3418 1476 ex
3460 1413 3832 1477 iunioribus

301 1544 710 1626 laborarunt,
772 1566 853 1610 ex
913 1545 1154 1629 quibus
1208 1551 1277 1609 te
1336 1544 1692 1630 Klingium
1749 1544 1993 1609 habere
2044 1549 2227 1629 put0.
2327 1542 2505 1606 Dum
2560 1543 2698 1608 haec
2755 1542 3126 1624 scriberem,
3183 1543 3371 1607 venit
3422 1544 3494 1607 in
3544 1551 3830 1610 mentem

301 1679 810 1765 proeparationis
852 1679 920 1741 in
958 1678 1125 1742 iuris
1169 1677 1388 1741 civilis
1432 1678 1892 1743 institutiones
1941 1677 2224 1741 Antonii
2268 1675 2507 1740 Massae
2554 1674 2860 1741 Gallesii.
2970 1674 3101 1740 Sed
3145 1681 3222 1738 ut
3264 1674 3565 1739 libellum
3610 1677 3830 1741 mitte-

298 1833 453 1889 rem,
501 1811 586 1875 ad
632 1831 896 1874 manum
938 1831 1069 1873 non
1111 1816 1276 1876 erat.
1362 1809 1620 1874 Iudicio
1665 1810 1732 1874 in
1775 1809 2077 1873 omnibus
2117 1809 2420 1894 legendis
2463 1814 2649 1873 utere
2725 1815 2793 1872 et
2847 1809 3303 1873 cunctationes
3347 1816 3499 1873 tuas
3543 1809 3628 1873 ad
3669 1831 3829 1895 prae-

300 1944 592 2029 ceptoris
647 1945 748 2007 tui
806 1944 1082 2008 consilia
1136 1944 1330 2008 refer.
1419 1943 1622 2007 Proin
1676 1943 1851 2028 quod
1907 1942 2208 2007 doctores
2267 1942 2635 2029 plaerosque
2695 1954 2832 2007 tam
2886 1942 3308 2029 negligentes
3350 1943 3418 2006 in
3463 1941 3829 2027 profitendo

300 2078 744 2161 conquereris,
805 2076 994 2142 dabit
1056 2078 1181 2142 hoc
1238 2078 1428 2142 nobis
1485 2078 1894 2142 occasionem
1953 2077 2266 2141 maiorem
2321 2076 2402 2140 de
2459 2076 2744 2141 Patavio
2810 2076 3169 2184 cogitandi,
3223 2076 3295 2140 in
3361 2096 3488 2160 quo
3535 2082 3603 2140 et
3645 2081 3829 2140 tuam

297 2211 701 2274 sententiam
742 2208 920 2273 haud
964 2209 1305 2274 illibenter
1347 2209 1639 2273 audiam.
1727 2207 2123 2274 Gribaldum
2168 2210 2339 2272 enim
2384 2208 2607 2273 futuro
2653 2209 2963 2293 Augusto
3009 2210 3118 2274 hic
3161 2208 3386 2274 adfore
3424 2230 3635 2295 spero,
3722 2208 3829 2273 In·

295 2343 651 2407 stitueram
707 2344 847 2429 ipse
905 2344 1081 2429 istuc
1124 2344 1274 2425 iter,
1341 2342 1866 2407 Illustrissimum
1911 2340 2288 2427 Principem
2336 2341 2746 2425 quarundam
2790 2363 3006 2406 rerum
3051 2362 3248 2407 causa
3318 2344 3831 2428 compellaturus

296 2482 382 2557 et,
431 2482 510 2539 ut
558 2476 779 2561 sepius
822 2482 1137 2541 evocatus
1179 2498 1342 2557 sum,
1387 2477 1817 2541 salutaturus.
1902 2475 2151 2540 Verum
2183 2495 2327 2540 cum
2359 2476 2911 2561 prophymmczd
2941 2482 3171 2539 contra
3199 2481 3455 2561 pestem
3486 2475 3829 2561 praeterita

294 2608 537 2691 hyeme
595 2608 916 2673 devorata
971 2609 1131 2674 mihi
1191 2610 1481 2674 scabiem
1536 2611 1911 2691 excitarint,
1965 2609 2164 2674 velim
2208 2609 2412 2673 nolim
2457 2608 2633 2672 domi
2679 2609 3009 2693 tantisper
3050 2629 3351 2672 maneam
3395 2628 3660 2674 necesse
3706 2614 3825 2689 est,

294 2742 448 2805 dum
510 2750 649 2806 tam
711 2742 1059 2808 molestum
1119 2743 1449 2830 hospitem
1507 2744 1779 2829 abigere
1833 2743 2056 2809 liceat.
2156 2743 2319 2806 Haec
2379 2747 2732 2806 occurrunt
2787 2762 2979 2823 nunc,
3039 2742 3130 2805 mi
3173 2740 3289 2822 fili,
3351 2740 3534 2805 aliud
3576 2744 3824 2826 agenti.

292 2875 467 2939 Nam
539 2875 809 2940 Petrum
864 2877 1174 2941 nuncium
1235 2883 1470 2941 nactus
1527 2878 1938 2942 occasionem
1992 2875 2320 2941 scribendi
2386 2876 2679 2939 oblatam
2735 2876 3002 2939 minime
3065 2874 3534 2960 negligendam
3579 2876 3824 2939 censui.

293 3007 394 3070 Tu
442 3007 525 3071 de
575 3008 876 3073 omnibus
918 3009 1117 3074 rebus
1162 3011 1297 3075 tuis
1339 3032 1442 3075 me
1490 3011 1836 3075 certiorem
1876 3008 2112 3073 reddas
2156 3030 2397 3094 quaeso,
2489 3008 3072 3093 Sanctogallenses
3122 3008 3284 3071 mihi
3331 3006 3825 3071 commendatis-

293 3141 442 3204 simi
494 3147 694 3205 erunt
738 3143 846 3206 vel
891 3149 1008 3207 tuo
1052 3144 1334 3226 nomine,
1390 3165 1430 3208 a
1476 3144 1717 3228 quibus
1761 3142 1993 3207 literas
2036 3142 2277 3207 nudius
2323 3148 2600 3226 quartus
2642 3141 2884 3226 accepi.
2975 3139 3200 3206 Celius
3244 3140 3325 3203 ad
3373 3145 3442 3203 te
3481 3138 3715 3203 scribit
3758 3142 3826 3202 et

290 3296 533 3339 munus
596 3276 1017 3340 chartaceum
1076 3277 1289 3340 mittit
1346 3277 1447 3340 tui
1508 3277 1862 3363 plurimum
1920 3299 2146 3341 amans
2201 3282 2269 3341 et
2326 3275 2679 3340 studiosus,
2781 3273 3231 3340 Clarissimum
3289 3274 3620 3337 dominum
3665 3292 3824 3357 prae-

292 3414 631 3493 ceptorem
678 3414 864 3471 tuum
910 3407 1194 3472 officiose
1240 3414 1309 3472 et
1357 3415 1739 3474 reverenter
1782 3430 1925 3474 meo
1970 3409 2231 3472 nomine
2274 3409 2513 3474 saluta.
2575 3404 2940 3481 Quominus
2984 3408 3066 3471 ad
3111 3408 3326 3493 ipsum
3370 3407 3672 3480 scribam,
3712 3426 3824 3469 ne-

291 3543 482 3626 gotia
528 3541 596 3603 in
640 3561 839 3604 causa
884 3546 1040 3604 sunt
1081 3540 1362 3606 molesta
1406 3541 1755 3605 admodum
1801 3548 1869 3607 et
1913 3542 2045 3606 alio
2091 3562 2193 3606 me
2240 3541 2571 3606 vocantia.
2657 3540 2917 3604 Fratris
2955 3542 3057 3605 sui
3101 3540 3348 3604 liberos
3395 3539 3502 3604 hic
3547 3543 3825 3624 agentes

288 3677 472 3735 recte
521 3672 764 3753 valere,
813 3673 1034 3758 neptis
1077 3672 1312 3753 literae,
1357 3673 1485 3737 nisi
1531 3673 1747 3747 fallar,
1789 3673 2241 3737 declarabunt.
2331 3672 2572 3738 Omnes
2616 3673 2851 3753 nostri,
2897 3694 3092 3756 quam
3138 3679 3204 3736 te
3238 3671 3495 3736 salvum
3527 3672 3821 3756 cupiunt,

289 3808 425 3866 tam
473 3803 926 3868 valetudinem
975 3825 1162 3869 cures
1206 3825 1448 3889 quaesO.
1540 3805 1714 3869 Bene
1758 3804 1930 3884 vale,
1975 3804 2067 3867 mi
2111 3804 2342 3869 Basili.
2428 3804 2639 3868 Lunae
2671 3804 2770 3867 27.
2800 3805 3030 3868 Martii
3074 3804 3391 3890 postridie
3423 3803 3822 3869 Palmarum.

288 3935 490 4001 Anno
538 3935 869 4000 MDLIII.
959 3937 1262 4003 Basileae.

2374 4048 2839 4113 Bonifacius
2886 4048 3488 4118 Amerbachius‚

2686 4180 2935 4245 Parens
2979 4186 3153 4243 tuus.

550 4307 699 4372 Non
745 4318 844 4373 est
891 4329 1006 4372 cur
1050 4311 1401 4395 quicquam
1445 4314 1684 4377 nuncio
1732 4313 1969 4387 solvas,
2016 4334 2139 4398 ego
2185 4313 2402 4376 omnia
2448 4313 2813 4398 expediam.

563 4441 815 4507 (Redditae
846 4443 889 4498 3
943 4443 1144 4511 Aprilis
1180 4445 1351 4502 1553.)

1804 4594 2299 4610 ⁴mvmwm‘

1923 4770 2183 4837 XXVI.

1166 4913 1509 4997 Basilius
1572 4914 2160 4996 Amerbachius
2221 4911 2645 4995 Bonifacio
2710 4912 2951 5020 patri.

1612 5077 1751 5145 (cod.
1784 5078 2052 5132 Basilicus.
2088 5077 2143 5131 G.
2185 5077 2226 5132 Ι.
2261 5078 2307 5130 8.
2342 5076 2425 5130 fol.
2472 5078 2589 5142 1:23}

600 5193 993 5267 Clarissimo
1057 5195 1222 5267 Viro
1273 5196 1370 5268 D.
1423 5197 1780 5284 Bonifatio
1833 5197 2307 5286 Amerbachio,
2347 5197 2631 5287 parenti
2683 5196 3098 5269 charissime.
3194 5197 3515 5269 Basileoe.

4015 5313 4020 5366 1

548 5422 613 5485 S.
702 5422 851 5488 Etsi
889 5423 1467 5508 (quemadmodum
1509 5445 1719 5509 nuper
1761 5423 2020 5509 scripsi)
2065 5424 2148 5487 20
2191 5424 2488 5489 coronati
2546 5424 2674 5488 huc
2720 5446 2759 5488 a
2802 5433 2870 5489 te
2915 5427 3285 5491 transmissi
3326 5448 3366 5490 a
3408 5435 3813 5512 praeceptore

279 5553 548 5638 recepti
591 5553 857 5636 fuerint,
904 5562 1128 5619 tamen
1169 5577 1299 5620 non
1345 5564 1463 5638 est,
1508 5557 1599 5620 mi
1643 5564 1854 5642 pater,
1897 5555 2071 5641 quod
2116 5577 2196 5621 ea
2228 5557 2298 5621 in
2327 5578 2398 5621 re
2428 5577 2577 5621 mea
2608 5577 2838 5622 caussa
2869 5558 2957 5623 sis
2986 5558 3333 5623 sollicitus.
3425 5559 3612 5624 Solet
3642 5561 3814 5624 enim

1018 5775 1397 5783 ——·—
