4914 6782
158 489 587 631 f——ffl
608 418 1271 496 ——ffi-„ss-

2110 1263 2163 1329 Ι.

1041 1436 1432 1519 Nicolaus
1496 1437 2061 1519 Varnbsllerus
2127 1436 2554 1519 Bonifacio
2623 1438 3206 1520 AmerbachiO.

1615 1626 1751 1692 (Cod.
1787 1626 2055 1680 Basilicus.
2094 1626 2156 1680 G.
2192 1629 2229 1681 l.
2270 1629 2314 1682 9.
2352 1626 2439 1680 fol.
2478 1627 2582 1689 15.)

390 1773 800 1844 Docti-§simo
851 1773 1001 1844 viro
1053 1793 1135 1843 ac
1188 1771 1565 1843 clarissimo
1617 1771 2109 1843 Iurisconsulto
2163 1772 2453 1843 Doctori
2502 1772 2876 1859 Bonifacio
2930 1774 3405 1864 Amerbachio,
3457 1776 3757 1847 Domino
3821 1799 3903 1848 ac

1381 1947 1798 2038 praeceptori
1851 1946 2477 2017 observandissimo.
2531 1946 2855 2018 Basileoe.

625 2262 695 2327 S.
746 2263 818 2325 P.
866 2262 946 2328 D.
1035 2264 1183 2327 Etsi
1223 2264 1408 2327 nulla
1447 2264 1607 2326 mihi
1648 2269 1870 2327 tecum
1912 2263 2156 2326 notitia
2202 2263 2308 2342 sit,
2363 2261 2990 2325 Iurisconsultorum
3036 2261 3415 2341 clarissime,
3465 2273 3706 2342 tamen,
3755 2283 3900 2326 cum

370 2396 597 2458 multis
639 2396 772 2458 iam
818 2396 1008 2459 annis
1053 2395 1380 2459 excellens
1424 2402 1543 2458 tua
1581 2394 1898 2475 doctrina,
1949 2394 2413 2458 benevolentia
2459 2404 2663 2477 atque
2714 2394 3092 2456 humanitas
3141 2394 3500 2478 singularis
3544 2401 3893 2480 tantopere

369 2528 528 2590 mihi
562 2528 927 2613 praedicata
957 2529 1073 2609 sit,
1123 2549 1269 2612 quae
1302 2549 1425 2612 ego
1457 2528 1701 2612 partim
1737 2527 1934 2591 rebus
1965 2536 2033 2591 et
2064 2528 2261 2591 factis
2304 2528 2464 2612 ipsis
2495 2548 2652 2589 vera
2679 2548 2818 2590 esse
2845 2528 3153 2612 comperi,
3194 2527 3602 2592 incredibilis
3637 2527 3901 2612 quidam

373 2683 554 2724 amor
599 2683 760 2747 erga
804 2669 871 2725 te
917 2662 1077 2725 mihi
1123 2663 1455 2725 excitatus
1496 2661 1645 2742 fuit,
1694 2682 1822 2745 quo
1867 2662 2071 2724 etiam
2109 2660 2302 2724 hodie
2335 2660 2715 2723 avidissime
2761 2682 2904 2723 sum
2952 2659 3244 2724 affectus.
3300 2660 3465 2724 Eius
3507 2663 3604 2725 rei
3655 2662 3903 2746 primus

372 2797 535 2860 mihi
579 2797 818 2860 author
860 2797 988 2860 fuit
1031 2796 1238 2859 frater
1280 2816 1466 2857 meus
1512 2794 1844 2878 Georgius
1888 2792 2414 2857 Varenbiilerus:
2476 2793 2588 2877 qui
2633 2799 2698 2856 te
2744 2793 3029 2858 Basileae
3091 2795 3355 2858 circiter
3398 2817 3604 2859 annos
3649 2802 3783 2861 tres
3835 2797 3902 2861 in

373 2928 525 2992 Iure
573 2928 754 2991 civili
800 2927 1072 2995 audivit.
1128 2928 1201 2990 ld
1248 2929 1421 3013 quod
1462 2951 1538 2993 eo
1587 2928 1928 2992 lubentius
1968 2929 2200 3009 refero,
2248 2927 2418 3011 quod
2469 2933 2536 2990 et
2579 2927 2737 2989 mihi
2785 2934 3021 3011 postea
3054 2948 3133 2990 ea
3177 2949 3283 2991 res
3323 2929 3629 3012 perutilis
3676 2928 3898 2991 fuerit.

372 3060 542 3122 Nam
588 3081 733 3122 cum
783 3060 1138 3124 multorum
1188 3060 1551 3125 illustrium
1594 3062 1887 3125 locorum
1931 3062 1999 3123 in
2044 3062 2184 3123 iure
2231 3059 2414 3122 civili
2464 3058 2946 3144 explicationes
2991 3080 3070 3122 ex
3116 3066 3182 3122 te
3231 3061 3743 3146 conscripsisset,
3790 3081 3900 3123 ve·

369 3194 498 3257 luti
543 3194 621 3257 de
667 3194 961 3274 Edend0,
1009 3194 1088 3258 de
1135 3195 1231 3258 Re
1277 3195 1594 3276 iudicata,
1643 3197 1709 3257 in
1755 3196 2004 3280 priores
2035 3194 2196 3257 duos
2218 3194 2422 3257 libros
2453 3194 2969 3274 institutionum,
3018 3198 3086 3257 et
3130 3194 3407 3257 aliorum
3449 3196 3899 3280 complurium,

370 3351 447 3393 ac
492 3337 723 3415 postea
768 3329 1137 3394 studiorum
1183 3332 1406 3415 gratia
1451 3330 1645 3394 simul
1689 3330 2056 3394 Lovanium
2103 3327 2681 3413 proficisceremur,
2746 3325 3048 3411 equidem
3098 3333 3275 3390 certe
3322 3348 3450 3390 non
3495 3330 3684 3415 potui
3730 3349 3901 3391 com-

368 3463 772 3528 modioribus
817 3467 1303 3529 commentariis
1347 3466 1429 3529 ad
1474 3465 1853 3548 institutum
1901 3464 2245 3528 consilium
2278 3483 2492 3525 meum
2526 3462 2648 3538 uti,
2696 3481 2890 3544 quam
2919 3460 3056 3522 illis
3085 3461 3245 3545 ipsis
3290 3462 3406 3525 abs
3437 3468 3503 3526 te
3535 3463 3727 3526 fratri
3755 3485 3899 3527 meo

373 3597 660 3677 dictatis,
710 3597 949 3680 quibus
993 3600 1191 3661 etiam
1236 3597 1428 3661 hodie
1474 3597 1688 3660 adhuc
1732 3618 1860 3659 non
1906 3595 2322 3658 mediocriter
2365 3594 2677 3658 delector.
2737 3592 2991 3657 Deinde
3026 3613 3171 3656 cum
3203 3599 3357 3658 ante
3389 3616 3594 3658 annos
3625 3617 3740 3659 sex
3771 3617 3903 3660 una

373 3751 519 3792 eum
567 3730 795 3794 eodem
840 3731 1043 3795 fratre
1089 3731 1380 3816 Georgio
1427 3732 1533 3795 hic
1579 3731 1879 3795 doctores
1924 3730 2245 3808 fieremus,
2294 3735 2360 3791 et
2406 3748 2489 3790 ex
2542 3748 2617 3790 eo
2660 3732 2954 3811 tempore
2981 3728 3208 3790 statim
3253 3729 3321 3791 in
3354 3717 3710 3814 collegium
3754 3754 3900 3816 pro-

369 3862 691 3926 fessorum
735 3863 896 3926 iuris
941 3861 1023 3925 ab
1069 3863 1321 3946 inclyto
1383 3864 1837 3928 universitatis
1896 3869 2140 3926 nostrae
2201 3860 2474 3924 consilio
2530 3867 2896 3944 cooptarer,
2964 3861 3148 3928 dictu
3192 3862 3428 3924 mirum
3475 3869 3582 3926 est
3641 3865 3901 3948 quoties

371 4003 439 4058 et
489 3996 756 4079 quantis
799 3993 1109 4058 laudibus
1140 3993 1498 4059 Sichardus
1520 4002 1743 4059 noster
1765 3996 2150 4080 praeclaram
2181 3999 2364 4057 tuam
2392 3991 2829 4056 eruditionem
2858 4013 2935 4056 ac
2969 3994 3252 4057 virtutes
3279 3994 3554 4057 eximias
3583 3997 3898 4077 evexerit,

373 4137 440 4190 et
487 4127 774 4191 evehant
818 4127 1116 4212 quotidie
1164 4129 1276 4212 qui
1323 4149 1610 4211 unquam
1663 4134 1881 4192 tecum
1912 4128 2240 4208 vixerunt,
2293 4132 2367 4189 ut
2414 4127 2682 4190 interim
2727 4132 2985 4189 taceam
3032 4126 3307 4190 consilia
3344 4133 3463 4191 tua
3508 4130 3902 4213 gravissima

371 4268 437 4324 et
486 4261 695 4324 omnis
738 4260 1106 4344 prudentiae
1154 4261 1473 4325 acuminis
1517 4268 1585 4324 et
1631 4262 1972 4345 aequitatis
2016 4261 2230 4347 plena,
2280 4281 2424 4343 quae
2467 4260 2785 4323 nonnulla
2814 4262 2884 4324 in
2930 4282 3162 4324 manus
3208 4261 3409 4324 etiam
3453 4267 3712 4326 nostras
3755 4284 3899 4347 per-

372 4401 711 4457 venerunt.
773 4393 973 4457 Hisce
1019 4414 1096 4456 ac
1142 4393 1298 4460 aliis
1346 4394 1424 4457 de
1474 4396 1688 4459 causis
1733 4417 1860 4457 non
1893 4395 2082 4479 potui
2124 4415 2256 4456 non
2288 4402 2354 4456 te
2395 4395 2610 4457 virum
2648 4395 3096 4459 doctissimum
3132 4401 3332 4478 atque
3362 4395 3899 4460 humanissimum

373 4527 575 4588 etiam
619 4524 957 4589 absentem
999 4533 1069 4589 et
1113 4526 1192 4589 de
1238 4527 1408 4590 facie
1453 4529 1756 4612 ignotum
1814 4549 2054 4606 amare,
2112 4526 2471 4611 suspicere,
2532 4537 2601 4592 et
2648 4539 2719 4592 ut
2776 4536 3254 4615 praeceptorem
3320 4529 3508 4592 brevi
3552 4551 3749 4592 manu
3796 4537 3900 4610 (ut

374 4656 451 4720 de
496 4663 726 4720 mutuo
774 4660 841 4720 in
886 4657 1039 4721 lure
1086 4665 1306 4722 nostro
1354 4658 1623 4740 dicitur)
1668 4659 1829 4723 mihi
1877 4666 2327 4744 comparatum
2373 4661 2607 4726 colere.

622 4792 847 4874 Atque
892 4791 1046 4854 hinc
1091 4797 1193 4854 est
1236 4799 1311 4854 ut
1355 4792 1423 4854 in
1462 4792 1983 4876 praesentarium,
2034 4791 2312 4856 confisus
2363 4794 2780 4857 humanitate
2828 4801 2964 4867 tua,
3020 4796 3141 4858 sim
3200 4815 3432 4879 passus
3478 4815 3748 4859 exorare
3793 4818 3897 4860 me

371 4923 769 5007 Magistrum
814 4923 1126 4987 Ioannem
1159 4924 1471 5004 Nisaeum,
1523 4931 1596 4988 ut
1638 4925 1853 4988 literis
1897 4925 2059 4988 meis
2108 4923 2233 4988 tibi
2281 4924 2865 4989 commendaretur.
2919 4924 3064 4999 Quo
3111 4927 3312 4990 etiam
3358 4948 3433 4990 eo
3478 4928 3743 4991 facilius
3790 4928 3896 4992 de-

375 5058 611 5121 ductus
655 5079 795 5120 sum
842 5057 1011 5142 quod
1060 5079 1313 5144 sperem
1360 5065 1429 5123 et
1470 5078 1571 5120 me
1619 5058 1847 5124 eadem
1894 5081 2092 5144 opera
2152 5060 2554 5123 humanitati
2611 5071 2744 5122 tuae
2802 5061 3240 5124 commendari
3295 5084 3500 5147 posse,
3559 5070 3628 5126 et
3671 5066 3737 5128 in
3783 5088 3897 5130 nu·

372 5212 624 5254 merum
666 5212 794 5253 non
856 5190 999 5253 dieo
1056 5191 1410 5254 amicorum
1465 5191 1580 5255 sed
1638 5193 2106 5278 discipulorum
2169 5199 2431 5256 tuorum
2494 5195 2722 5279 recipi.
2833 5195 2923 5258 Et
2971 5201 3047 5258 ut
3100 5194 3184 5257 ad
3239 5194 3552 5278 Nysaeum
3604 5194 3897 5277 redeam,

374 5321 504 5384 fuit
548 5321 605 5384 is
659 5321 859 5384 etiam
913 5328 1112 5384 antea
1166 5321 1532 5385 studiorum
1585 5325 1807 5408 gratia
1864 5325 2163 5405 Basileae,
2212 5345 2289 5388 ac
2346 5331 2544 5410 putat
2596 5348 2664 5390 se
2721 5334 2995 5391 caeteros
3054 5327 3319 5411 quidem
3375 5299 3596 5391 omnes
3649 5326 3894 5391 habere

377 5458 572 5516 notos
620 5461 688 5517 et
723 5452 1107 5536 benevolos3
1176 5476 1319 5518 eum
1363 5463 1584 5520 autem
1630 5456 1800 5520 sciat
1844 5463 1910 5520 te
1956 5457 2131 5520 inter
2172 5456 2468 5540 reliquos
2513 5459 2701 5541 quasi
2755 5468 2958 5543 caput
3017 5458 3339 5522 excellere
3407 5458 3892 5543 plurimumque

1276 487 3161 495 .—————————————-——·-———-——
3181 491 3192 495 -
3686 488 4105 989 —W
