4914 6782
2061 683 2145 744 55

332 886 505 951 nihil
552 893 793 972 potest.
841 886 1036 949 Licet
1067 886 1238 949 enim
1288 885 1684 970 professores
1715 884 1910 948 huius
1934 883 2316 948 Academiae
2346 883 2539 947 docte
2572 882 2837 967 quidem
2873 883 3125 963 legant,
3171 888 3396 948 tamen
3427 887 3619 948 tanta
3650 905 3871 948 eorum

333 1022 402 1083 in
448 1018 734 1104 legendo
778 1018 1199 1102 negligentia
1242 1026 1363 1097 est,
1404 1038 1486 1079 ne
1535 1016 1749 1079 dicam
1792 1015 2110 1097 socordia,
2156 1023 2234 1080 ut
2276 1017 2391 1079 vix
2436 1016 2785 1100 quisquam
2843 1016 3092 1081 credat.
3164 1014 3589 1101 Quapropter
3628 1016 3697 1079 in
3742 1016 3871 1101 pri-

333 1152 461 1215 mis
509 1154 723 1238 cupio,
766 1174 848 1216 ne
897 1152 1044 1216 caeli
1091 1152 1391 1237 gravitas
1448 1156 1747 1213 nostrum
1795 1148 2115 1234 impediat
2169 1125 2557 1231 consilium3
2617 1149 2869 1213 bellum
2915 1151 3089 1215 enim
3132 1172 3261 1214 non
3307 1156 3569 1215 tantum
3614 1170 3870 1232 vereor,

336 1292 413 1351 ut
451 1288 568 1370 qui
612 1306 995 1371 persuasum
1040 1284 1336 1357 habeam,
1382 1281 1677 1346 Venetos
1721 1303 1870 1345 raro
1914 1282 2096 1346 bella
2138 1302 2369 1366 gerere
2426 1288 2494 1347 et
2538 1283 2938 1349 Academias
2986 1284 3228 1351 Galliae
3283 1284 3871 1350 turbulentissimis

335 1420 747 1505 temporibus
788 1419 1011 1483 salvas
1057 1439 1215 1482 esse.
1308 1417 1583 1481 Publice
1628 1416 2082 1481 conclusiones
2128 1418 2463 1501 quasdam,
2523 1426 2600 1483 ut
2643 1420 2835 1501 nosti,
2899 1419 3182 1502 defendi,
3228 1441 3393 1504 quas
3436 1420 3614 1484 hisce
3657 1417 3874 1482 literis

334 1552 688 1617 adiunctas
730 1553 947 1618 mitto.
1036 1552 1117 1615 D.
1166 1551 1370 1617 Caelio
1412 1552 1759 1635 quominus
1811 1548 2113 1630 scribam,
2160 1557 2419 1636 tempus
2463 1551 2532 1615 in
2577 1573 2810 1616 caussa
2856 1557 2976 1617 est.
3055 1551 3139 1615 D.
3186 1551 3503 1615 Nicolaus
3549 1572 3697 1615 cum
3738 1550 3873 1614 iam

333 1684 497 1749 mihi
543 1686 807 1750 obviam
853 1684 1070 1748 factus
1114 1689 1307 1763 esset,
1353 1683 1547 1746 iussit
1591 1690 1667 1747 ut
1708 1688 1777 1747 te
1823 1703 2018 1767 quam
2061 1682 2532 1750 officiosissime
2565 1686 2825 1750 nomine
2857 1706 2975 1750 suo
3006 1685 3386 1750 salutarem.
3474 1686 3650 1749 Bene
3696 1683 3868 1764 vale,

337 1820 720 1884 charissime
764 1824 977 1904 pater.
1070 1817 1147 1880 10
1187 1815 1478 1900 Augusti
1529 1816 1724 1880 Anno
1776 1817 1953 1881 1553.

2175 1951 2358 2015 Tuus
2405 1950 2982 2015 obedientissimus
3023 1951 3204 2015 filius
3247 1954 3619 2018 Basilius

607 2085 861 2151 (Reddita
896 2088 975 2139 16.
1010 2088 1238 2155 Augusti
1280 2087 1366 2139 A0.
1403 2086 1510 2149 53.)

1908 2319 2181 2333 ¹-⁴wAmN⁶-*va¹’
2190 2319 2299 2332 J-f-‘J

1942 2667 2272 2731 XXXIX.

1124 2810 1127 2813 ¹
1224 2824 1693 2910 Bonifacius
1760 2826 2354 2907 Amerbachius
2420 2824 2727 2907 Basilio
2793 2825 2984 2907 filio.

1630 2988 1773 3053 (Cod.
1810 2990 2074 3043 Basilicus.
2117 2992 2179 3043 G.
2216 2989 2259 3042 1.
2293 2992 2373 3043 16.
2410 2989 2492 3043 fol.
2534 2991 2604 3050 8.)

866 3137 1136 3208 Basilio
1188 3137 1662 3225 Amerbachio,
1717 3136 1908 3206 Iac-ris
1956 3137 2253 3207 studioso
2310 3136 2647 3227 Tabinyae,
2701 3136 2843 3225 filio
2897 3137 3315 3210 charissimo.

592 3426 658 3491 S.
710 3427 782 3492 P.
851 3426 1051 3490 Mitto
1098 3426 1180 3489 ad
1226 3434 1293 3490 te
1341 3448 1598 3510 equum,
1639 3426 1868 3500 Basili,
1914 3426 2118 3489 ductu
2147 3426 2333 3488 Petri
2368 3426 2668 3507 cursoris,
2715 3426 2926 3509 quite
2956 3426 3157 3511 pedes
3187 3426 3634 3493 comitabitur.
3691 3427 3863 3491 Nam

343 3583 418 3624 ne
466 3561 759 3644 equitem
818 3560 924 3623 vel
977 3582 1017 3623 a
1071 3559 1474 3644 Magistratu
1532 3560 1642 3625 vel
1702 3559 1970 3623 aliunde
2014 3559 2253 3623 habere
2300 3560 2648 3644 potuerim,
2692 3559 2936 3622 raritas
2981 3564 3050 3622 et
3092 3564 3461 3643 temporum
3508 3560 3863 3625 difficultas

344 3694 583 3759 obstat.
686 3693 883 3755 Proin
937 3695 1093 3776 quia
1147 3692 1207 3754 d.
1255 3691 1648 3757 Gribaldum
1702 3692 2109 3777 πρόδρομος
2164 3692 2377 3757 denuo
2433 3693 2783 3756 honorario
2844 3693 3246 3778 amplissimo
3314 3693 3727 3776 conductum,
3796 3703 3865 3761 et

342 3829 562 3890 omnia
606 3827 875 3889 Patavii
919 3826 1107 3890 salva
1152 3847 1292 3891 esse
1339 3827 1735 3900 adnunciat,
1783 3835 1980 3912 teque
2024 3827 2196 3891 idem
2238 3826 2618 3908 Gribaldus‚
2663 3827 2843 3890 intra
2887 3826 3027 3890 dies
3072 3831 3219 3891 octo
3265 3833 3384 3891 aut
3427 3829 3510 3890 ad
3541 3850 3862 3892 summum

343 3955 565 4022 decem
626 3959 732 4022 hic
792 3959 1074 4035 futurus,
1129 3981 1247 4044 pro
1298 3959 1622 4044 singulari
1684 3980 1843 4042 erga
1897 3979 2015 4022 nos
2071 3957 2542 4025 benevolentia
2594 3959 2660 4023 in
2706 3959 2994 4024 discessu
3040 3982 3260 4025 secum
3306 3961 3631 4027 abducere
3699 3961 3861 4047 ὁμο-

342 4088 604 4154 >emmiu
648 4112 716 4154 τε
755 4091 871 4154 καὶ
915 4092 1305 4176 ὁμοσιπύον
1360 4092 1605 4157 habere
1649 4092 1873 4169 volet,
1929 4111 2035 4155 res
2078 4096 2229 4155 tuas
2271 4091 2340 4154 in
2386 4113 2504 4155 vas
2550 4094 2943 4178 compositas
2990 4094 3189 4158 alicui
3237 4095 3446 4158 amico
3489 4096 3644 4159 istic
3690 4117 3860 4160 com·

340 4222 682 4287 mendabis
740 4225 954 4309 prima
1007 4245 1266 4308 quoque
1333 4226 1585 4310 aurigae
1662 4224 1890 4288 oblata
1944 4225 2282 4289 occasione
2329 4227 2855 4312 Argentoratum
2909 4228 2992 4292 ad
3059 4227 3600 4313 Christophorum
3663 4228 3860 4292 Ried-

340 4355 667 4441 lingerum
712 4355 1140 4441 bibliopolam
1185 4357 1625 4442 perferendas,
1693 4331 1972 4424 adiectis
2013 4360 2202 4444 signo
2247 4359 2492 4444 aliquO,
2539 4365 2614 4423 ut
2655 4381 2758 4424 me
2804 4361 3147 4445 praeterito
3183 4380 3354 4423 anno
3387 4360 3604 4424 facere
3633 4362 3860 4425 memi-

341 4489 520 4570 nisti,
570 4497 639 4553 et
680 4489 915 4572 literis,
957 4490 1198 4575 quibus
1242 4491 1321 4556 de
1364 4492 1664 4556 mercede
1709 4491 2025 4556 solvenda
2070 4494 2318 4579 aurigae
2384 4498 2453 4556 et
2498 4514 2654 4557 vase
2708 4493 2835 4557 huc
2879 4492 2961 4556 ad
3008 4492 3066 4561 d.
3115 4492 3213 4558 Ιο.
3260 4492 3670 4579 Hervagium
3714 4495 3861 4558 mit·

341 4622 539 4686 tendo
585 4623 1034 4689 admoneatur.
1120 4625 1343 4708 Proin,
1388 4625 1485 4689 fili
1528 4627 1638 4708 mi,
1685 4627 1883 4691 istinc
1927 4626 2286 4690 discessum
2332 4647 2572 4711 parans
2614 4626 2877 4689 nomina
2921 4626 2978 4689 si
3021 4646 3165 4710 quae
3191 4625 3409 4689 fecisti
3440 4631 3642 4710 atque
3694 4625 3858 4691 adeo

341 4775 426 4819 aes
490 4755 780 4822 alienum
847 4758 1150 4824 dissolve.
1238 4760 1568 4845 Imprimis
1633 4781 1787 4824 vero
1854 4765 2331 4846 praeceptorem
2395 4767 2583 4824 tuum
2653 4759 2925 4843 eiusque
2992 4780 3280 4841 uxorem,
3348 4764 3589 4844 praeter
3641 4762 3859 4826 victus

341 4890 665 4954 rationem
709 4889 1103 4955 subductam
1159 4897 1227 4956 et
1279 4892 1587 4972 solutam,
1647 4893 2142 4979 χαριστηρίοις
2200 4895 2413 4958 instar
2469 4893 2873 4977 reliquorum
2941 4896 3392 4958 convictorum
3456 4894 3857 4958 remunerari

341 5039 424 5083 ne
469 5021 812 5087 cuncteris.
902 5022 1068 5085 Eam
1126 5023 1194 5086 in
1249 5044 1386 5087 rem
1449 5024 1552 5089 his
1602 5025 1818 5090 literis
1861 5027 2104 5112 viginti
2150 5033 2496 5091 coronatos
2541 5025 2947 5092 Caesarianos
2989 5048 3140 5092 cum
3183 5025 3438 5091 duobus
3482 5026 3858 5113 duplicibus

342 5147 599 5217 ducatis
640 5153 899 5234 inclusi,
945 5173 1091 5237 quae
1135 5174 1386 5218 summa
1427 5155 1486 5218 si
1528 5178 1659 5221 non
1705 5157 2010 5238 sufficiat,
2059 5165 2563 5244 quantaquanta
2602 5160 2986 5246 indigueris,
3034 5183 3075 5226 a
3109 5159 3519 5246 Vulffgango
3557 5159 3855 5226 Conrado

155 5269 162 5346 Ι
342 5279 706 5370 bibliopola
747 5290 978 5349 mutuo
1022 5287 1316 5372 accipias
1358 5288 1591 5353 licebit
1644 5291 1765 5356 sub
1823 5290 1950 5356 fide
1997 5292 2478 5377 cheirographi,
2528 5292 2700 5377 quod
2744 5294 2939 5357 simul
2985 5300 3187 5379 atque
3230 5294 3358 5359 huc
3402 5295 3855 5359 transmissum
4055 5290 4062 5368 l

340 5411 556 5497 fuerit,
600 5416 1035 5502 Isingrinium
1075 5418 1146 5481 in
1189 5426 1533 5485 numerato
1578 5420 1925 5487 dimittam.
2010 5422 2150 5487 Nec
2182 5444 2341 5508 erga
2370 5424 2691 5488 familiam
2725 5431 2793 5489 et
2821 5425 3067 5491 liberos
3095 5447 3213 5512 pro
3242 5447 3423 5491 more
3452 5426 3855 5511 reliquorum

340 5548 683 5615 munificus
741 5571 884 5614 esse
935 5549 1368 5616 obliviscaris,
1460 5550 1633 5626 Quid
1676 5555 1889 5641 plura,
1949 5555 2048 5619 ita
2093 5556 2431 5621 discedens
2472 5577 2632 5643 erga
2677 5580 2900 5625 omnes
2945 5565 3014 5624 te
3059 5580 3273 5645 geras,
3314 5566 3390 5625 ut
3434 5581 3634 5643 oram,
3680 5559 3853 5644 quod
