4914 6782
2760 597 2838 663 18

1039 816 1074 860 c

1075 795 1251 878 hum,
1295 795 1705 878 Faustinam,
1750 795 1790 861 J
1802 795 2109 878 ulianam,
2154 794 2580 861 Franciscum
2611 802 2811 882 atque
2853 802 3065 860 totam
3106 795 3426 861 familiam
3458 818 3601 861 meo
3632 796 3892 860 nomine
3928 795 4243 859 salutate.
4288 793 4586 879 Raptim

854 5635 1267 5684 ᾪ--ῥ

1040 950 1121 994 ex
1163 928 1414 994 Musaeo
1462 928 1542 996 D.
1588 928 1991 994 Varnbuleri
2039 929 2134 995 10.
2182 928 2416 994 Octob.
2502 930 2698 995 Anno
2745 930 2924 996 1552.

3181 1062 3364 1126 Tuus
3408 1059 3980 1126 obedientissimus
4016 1058 4194 1123 filius

1728 1276 1731 1281 ,
3183 1197 3537 1264 Basilius
3583 1194 4187 1262 Amerbachlus.

1307 1330 1562 1398 (Redditae
1593 1331 1676 1386 26.
1712 1330 1950 1386 Octobris
1985 1330 2083 1386 hoc
2116 1338 2196 1386 est
2231 1332 2277 1386 7.
2314 1331 2418 1387 Cal.
2453 1330 2730 1389 Novembr.
2767 1332 2859 1386 Ast
2893 1332 3064 1387 1552.)

2730 2291 2890 2356 VII.

1732 2466 2119 2550 Nicolaus
2182 2464 2740 2547 Varnbiilerus
2806 2463 3227 2547 Bonifacio
3293 2465 3861 2549 Amerbachio.

2326 2628 2466 2692 (Cod.
2514 2629 2779 2684 Basiliens.
2816 2629 2878 2683 G.
2915 2628 2956 2683 1.
2992 2631 3036 2684 9.
3076 2629 3157 2683 fol.
3197 2630 3303 2692 20.)

1347 2753 1612 2846 Optimo
1667 2750 1817 2822 viro
1870 2757 1933 2823 et
1981 2750 2452 2823 Iureconsalto
2506 2748 2904 2821 Clarissimo
2953 2750 3254 2822 Domino
3305 2752 3403 2823 D.
3451 2750 3826 2838 Bonifacio
3879 2751 4366 2840 Amerbachz‘O,
4423 2752 4576 2824 Do-

1812 2903 1996 3010 mino
2050 2906 2113 2973 et
2162 2900 2470 2971 Patrono
2520 2921 2642 2970 suo
2678 2905 3013 2991 perpetuo
3069 2899 3367 2972 colendo.
3469 2901 3792 2973 Basileae.

2621 3077 2918 3094 WNWN

1293 3221 1360 3288 S.
1408 3223 1482 3288 P.
1568 3220 1642 3287 Si
1685 3221 1846 3286 mihi
1889 3218 2062 3304 apud
2103 3223 2171 3281 te
2219 3215 2643 3280 excusatione
2691 3222 2795 3280 est
2839 3237 3002 3302 opus
3031 3237 3230 3280 morae
3274 3221 3344 3281 et
3373 3217 3594 3281 nuntii
3635 3216 3933 3293 Ducalis‚
3988 3238 4116 3302 quo
4141 3238 4244 3280 me
4297 3216 4572 3281 uberius

1040 3356 1512 3441 rescripturum
1553 3353 2000 3441 superioribus
2042 3350 2256 3417 literis
2297 3370 2691 3438 receperam,
2722 3351 2892 3417 hanc
2934 3350 3151 3429 affer0,
3194 3350 3547 3417 Doctorem
3593 3350 4014 3434 Hocklinum,
4040 3349 4303 3416 affinem
4322 3372 4566 3433 meum,

1042 3489 1389 3554 authorem
1433 3488 1594 3553 mihi
1616 3488 1818 3553 fuisse
1861 3485 2278 3551 sustentandi
2322 3484 2431 3550 hic
2473 3486 2832 3552 Ductorem
2874 3485 2998 3551 filii
3036 3487 3137 3551 tui
3180 3487 3512 3572 integrum
3559 3485 3750 3567 diem,
3797 3484 3972 3570 quod
4018 3506 4137 3570 per
4181 3506 4331 3549 eum
4375 3484 4570 3549 Prin·

1044 3643 1196 3709 ceps
1225 3623 1416 3688 Meus
1457 3622 1945 3687 illustrissimus
1989 3618 2072 3684 ad
2117 3624 2185 3683 te
2230 3618 2309 3684 de
2341 3618 2539 3683 certis
2568 3619 2765 3683 rebus
2796 3625 2971 3683 esset
2996 3619 3380 3704 scripturus,
3422 3618 3599 3682 inter
3626 3625 3887 3698 caetera,
3923 3622 3999 3681 ut
4027 3616 4271 3681 scholae
4299 3623 4567 3690 nostres,

1042 3777 1291 3820 summo
1336 3777 1453 3820 suo
1498 3755 1664 3819 iuris
1708 3753 1925 3818 civilis
1968 3751 2277 3832 Doctore,
2323 3750 2641 3817 Sichardo
2686 3751 2964 3831 scilicet,
3009 3750 3206 3826 orbae‚
3270 3751 3460 3835 quasi
3504 3751 3768 3836 quidem
3811 3750 4154 3836 legitimus
4198 3757 4384 3815 tutor
4427 3771 4570 3814 suc—

1044 3909 1357 3967 curreres,
1417 3886 1717 3972 hancque
1761 3907 2031 3972 gravem
2096 3885 2237 3949 eius
2298 3882 2656 3949 orbitatem
2717 3884 2851 3948 alio
2916 3885 3225 3970 quopiam
3286 3883 3729 3949 iureconsulto
3774 3906 3905 3948 non
3949 3889 4209 3949 tantum
4253 3885 4571 3969 iurispru-

1044 4021 1290 4101 dentia,
1334 4020 1447 4085 sed
1492 4021 1695 4085 etiam
1741 4021 1995 4105 pietate
2041 4018 2389 4103 conspicuo
2434 4018 2711 4083 levares.
2789 4018 2868 4081 Id
2914 4018 3086 4103 quod
3132 4018 3450 4104 Princeps
3522 4017 3766 4082 fiducia
3821 4024 3942 4083 tua
3996 4039 4116 4104 per
4175 4023 4244 4083 te
4286 4019 4571 4082 maxime

1044 4153 1274 4219 confici
1350 4154 1794 4238 constituique
1840 4153 2079 4236 vellet,
2158 4154 2272 4239 qui
2345 4153 2629 4238 optimos
2716 4172 3006 4237 quosque
3076 4151 3274 4216 facile
3333 4151 3580 4216 habeas
3659 4152 4058 4215 notissimos.
4127 4150 4394 4215 Etenim
4470 4152 4569 4214 sic

1045 4285 1320 4352 affectus
1366 4292 1467 4351 est
1511 4286 1833 4372 Princeps
1874 4287 2383 4368 cordatissimus,
2430 4291 2525 4367 ut,
2573 4284 2894 4371 quomodo
2936 4285 3090 4349 olim
3121 4283 3450 4369 imperiali
3487 4284 3960 4349 constitutione
3994 4284 4186 4370 (licet
4215 4283 4337 4347 hoc
4370 4283 4567 4347 hodie

1042 4427 1447 4506 praepostere
1492 4421 1640 4502 fiat)
1684 4441 1725 4483 a
1767 4425 2150 4505 togatorum
2197 4420 2524 4484 consortio
2572 4418 3093 4483 excludebantur
3138 4439 3361 4483 omnes
3406 4418 3522 4503 qui
3566 4439 3697 4481 non
3740 4419 4177 4482 sacrosanctis
4221 4418 4570 4482 catholicae

1043 4552 1387 4638 religionis
1428 4551 1767 4635 mysteriis
1806 4550 2046 4615 imbuti
2090 4551 2390 4628 fuissent,
2447 4552 2547 4616 ita
2591 4552 2658 4614 in
2704 4550 2996 4615 scholam
3039 4551 3513 4636 consiliumque
3545 4574 3734 4617 suum
3780 4574 3911 4616 non
3951 4554 4080 4617 nisi
4109 4573 4382 4636 syncere
4428 4553 4572 4638 pios

1046 4686 1566 4770 christianosque
1610 4685 1699 4749 sit
1745 4683 2169 4765 admissurus,
2217 4705 2345 4768 quo
2392 4683 2474 4747 ad
2521 4685 2661 4748 eius
2702 4683 2845 4749 fieri
2890 4690 3143 4770 potest3
3202 4693 3270 4749 et
3313 4686 3369 4749 si
3415 4686 3529 4769 qui
3583 4706 3711 4748 non
3765 4686 4027 4749 omnino
4090 4686 4264 4771 quod
4326 4685 4571 4749 dicitur

1043 4820 1192 4904 puri
1228 4820 1504 4904 putique
1549 4819 1765 4883 adhue
1805 4818 2199 4901 tolerantur,
2257 4817 2326 4881 id
2370 4818 2650 4883 fortasse
2693 4817 2771 4882 fit
2815 4839 2896 4882 ex
2938 4820 3101 4883 iuris
3140 4819 3349 4883 nostri
3392 4819 3651 4904 regula,
3714 4819 3887 4903 quod
3930 4818 4193 4883 facilius
4255 4818 4570 4904 impedia-

1043 4955 1153 5014 tur
1185 4971 1379 5034 quam
1425 4949 1704 5013 tollatur
1733 4949 1998 5016 factum.
2066 4949 2424 5034 Intelligis,
2471 4951 2574 5014 vir
2620 4949 3144 5036 prudentissime,
3190 4950 3345 5034 quid
3378 4952 3680 5015 sentiam.
3770 4949 3901 5016 Sed
3941 4957 4017 5016 ut
4045 4951 4568 5037 ad‘propositum

1041 5083 1308 5148 redeam
1354 5081 1523 5145 unde
1568 5103 1710 5147 sum
1756 5082 2116 5168 digressus:
2184 5105 2330 5147 cum
2375 5087 2642 5167 postera
2687 5082 2793 5146 die
2838 5081 3101 5147 affinem
3144 5105 3361 5148 meum
3404 5085 3923 5171 interpellarem,
3969 5108 4124 5149 num
4168 5085 4385 5149 literae
4430 5084 4569 5148 illae

1045 5220 1268 5280 essent
1312 5215 1649 5297 confectae,
1696 5221 1766 5280 et
1809 5236 2150 5280 caussarer
2191 5215 2410 5279 nuntii
2457 5237 2703 5280 moram
2748 5216 3144 5301 graviorem,
3194 5217 3537 5303 respondit
3581 5218 3956 5304 Principem
3999 5217 4150 5282 aliis
4194 5219 4326 5281 iam
4369 5216 4571 5281 fuisse

1043 5356 1439 5433 occupatum
1485 5355 1555 5413 et
1600 5350 2019 5414 constituisse
2064 5349 2240 5413 intra
2286 5370 2533 5435 paucos
2578 5351 2719 5440 dies
2756 5352 3061 5415 nuntium
3122 5351 3204 5414 ad
3249 5352 3543 5416 Montem
3589 5352 3958 5438 Pelligardi
4018 5353 4387 5430 missurum,
4455 5372 4573 5436 per

1045 5503 1239 5566 quem
1280 5482 1349 5546 id
1396 5503 1654 5567 quoque
1700 5483 1868 5547 velit
1911 5480 2261 5564 conficere3
2333 5482 2411 5546 de
2459 5505 2586 5568 quo
2631 5490 2904 5572 propter
2947 5486 3416 5567 occupationes
3458 5505 3639 5548 meas
3681 5484 3950 5569 (quibus
3981 5489 4139 5548 tunc
4176 5483 4259 5548 ad
4316 5491 4382 5549 te
4429 5483 4571 5569 plu-

4271 5591 4771 5691 -ἭᾸ
