4914 6782
2675 853 2865 918 XXI.

806 962 813 1037 Ι
1894 1026 2361 1109 Bonifaeius
2428 1029 3026 1110 Amerbaehius
3090 1026 3398 1109 Basilio
3464 1018 3696 1107 filios

2246 1191 2391 1258 (Cod.
2428 1192 2692 1245 Basiliens.
2734 1191 2795 1245 G.
2833 1192 2903 1245 ΙΙ.
2941 1193 3018 1245 14.
3054 1194 3135 1245 fol.
3181 1193 3311 1256 182.)

1058 1337 1328 1408 Basilio
1382 1336 1856 1424 AmerbacleiO,
1912 1337 2101 1407 Iuris
2150 1337 2472 1424 studioso,
2531 1336 2848 1426 :tubingae
2901 1336 3086 1426 apud
3138 1337 3642 1407 ornatissima-m·
3694 1336 3761 1406 d.
3815 1335 4181 1405 Nicolaum
4245 1334 4469 1405 Varn-

2468 1485 2770 1555 bulerzme
2826 1485 3068 1574 ayentc'.

2669 1666 2692 1679 κ
2700 1666 2724 1678 κ
2731 1665 2846 1678 axz-»02
2853 1665 2876 1677 ·-.

1261 1784 1324 1848 S.
1378 1785 1446 1849 P.
1538 1784 1699 1849 Cum
1756 1783 1814 1849 d.
1871 1784 2152 1849 Ioannes
2210 1784 2497 1849 Iacobus
2557 1786 2845 1849 Hoeklin
2902 1807 2942 1847 a
3001 1784 3350 1865 Steineek,
3414 1786 3840 1870 proprineeps
3892 1786 4030 1849 sive
4084 1784 4546 1849 locumtenens

1010 1917 1448 1981 Illustrissimi
1512 1920 1843 2004 Principis
1896 1920 2102 1983 nostri
2167 1919 2694 2004 Montpellgarti‚
2759 1919 2881 1981 hac
2945 1920 3012 1981 in
3065 1918 3376 1981 ducatum
3439 1917 4126 2002 VVirtembergensem
4196 1918 4546 1987 transiens.

1007 2050 1301 2134 nunquid
1363 2050 1445 2113 ad
1508 2059 1574 2114 te
1620 2053 1819 2114 velim
1865 2058 2076 2136 roget,
2126 2053 2395 2115 tametsi
2441 2052 2546 2115 die
2596 2052 2916 2114 dominico
2965 2053 3300 2136 praeterito
3348 2074 3465 2138 per
3509 2053 3820 2115 nuncium
3861 2053 4294 2116 Basiliensem
4361 2072 4548 2135 quae-

1011 2204 1268 2268 cunque
1327 2184 1633 2247 volebam
1690 2185 2084 2269 scripserim,
2141 2206 2221 2247 ne
2269 2192 2491 2248 tamen
2537 2192 2875 2268 receptum
2924 2206 3142 2246 meum
3211 2183 3288 2248 de
3355 2183 3540 2247 nulla
3588 2184 3928 2250 occasione
3971 2184 4548 2270 praetermittenda

1009 2316 1388 2380 institutum
1453 2318 1767 2399 deseram,
1826 2324 1912 2398 te,
1971 2317 2064 2381 fili
2112 2319 2221 2397 mi,
2280 2320 2572 2402 priorum
2613 2317 2956 2380 literarum
3003 2339 3119 2402 per
3163 2318 3474 2380 nuncium
3519 2319 3883 2396 missarum,
3931 2317 4113 2381 nullo
4162 2319 4293 2381 alio
4341 2339 4547 2403 argu-

1009 2456 1230 2512 mento
1277 2471 1417 2513 sese
1465 2449 1799 2531 offerente,
1848 2451 2327 2515 admonendum
2371 2451 2566 2515 simul
2612 2460 2679 2515 et
2725 2451 3150 2515 salutandum
3197 2472 3335 2515 esse
3381 2450 3559 2513 duxi.
3648 2449 3888 2533 Itaque
3935 2457 4009 2513 ut
4060 2472 4177 2535 per
4206 2454 4546 2531 nuncium,

1007 2583 1107 2647 ita
1153 2589 1221 2646 et
1265 2604 1381 2667 per
1425 2584 1483 2645 d.
1534 2584 1937 2647 Hooklinum
1983 2585 2061 2648 de
2107 2585 2304 2650 rebus
2349 2587 2483 2650 tuis
2527 2585 2607 2648 ad
2653 2607 2752 2649 me
2799 2585 3084 2648 scribere
3142 2585 3408 2669 poteriS.
3498 2582 3691 2664 Cura,
3740 2584 3796 2647 si
3841 2605 3943 2646 me
3992 2583 4235 2667 diligis,
4284 2585 4549 2650 valetu-

1009 2716 1253 2790 dinem;
1303 2727 1369 2781 et
1419 2721 1513 2782 sic
1562 2720 1899 2783 existimes
1944 2720 2164 2799 velim,
2210 2720 2399 2783 nobis
2444 2727 2562 2783 tua
2594 2719 2980 2783 valetudine
3014 2718 3296 2781 firmiore
3329 2718 3496 2781 nihil
3526 2717 3878 2782 iucundius
3908 2717 4294 2782 adnunciari
4328 2741 4547 2804 posse.

1007 2849 1230 2913 Etiam
1289 2858 1488 2934 atque
1538 2850 1788 2939 [etiarn]
1837 2853 2005 2931 vale,
2057 2853 2280 2933 Basili,
2338 2852 2432 2916 fili
2481 2853 2877 2917 charissime.
2978 2851 3258 2916 Basileae
3305 2852 3387 2914 V.
3477 2851 3646 2915 Non.
3695 2851 3923 2951 Martii
3970 2853 4166 2915 Anno
4213 2852 4549 2917 MDLIII.

1009 2976 1385 3046 Clarissimo
1429 2984 1689 3048 domino
1735 2986 2125 3070 praeceptori
2171 2992 2286 3048 tuo
2331 2984 2683 3070 plurimam
2728 3006 2871 3048 meo
2915 2986 3172 3048 nomine
3214 2987 3517 3048 salutem.

2973 3121 3439 3185 Bonifacius
3484 3121 4091 3197 AmerbachiuS,

3281 3251 3530 3314 Parens
3576 3257 3748 3314 tuus.

1275 3381 1527 3446 (Redditae
1565 3386 1642 3436 11.
1682 3383 1857 3438 Martii
1901 3384 2070 3448 1553.)

2635 4061 2865 4124 XXII.

1867 4234 2220 4316 Basilius
2286 4234 2874 4316 Amerbaehius
2938 4234 3361 4318 Bonifacio
3429 4236 3673 4344 patri.

2261 4424 2392 4481 «cod.
2434 4424 2701 4478 Basiliens.
2740 4425 2802 4478 G.
2841 4424 2877 4478 I.
2918 4428 2961 4479 8.
3002 4424 3088 4478 fol.
3127 4427 3197 4478 9.)

1158 4567 1553 4638 Clarissimo
1605 4567 2080 4639 iurisconsulto
2133 4568 2229 4639 D.
2283 4568 2643 4655 Bonifatio
2697 4569 3172 4659 Amerbachio,
3213 4572 3500 4662 paren-ti
3553 4571 3971 4642 charissimo.
4075 4571 4395 4642 Basileoe.

2667 4749 2866 4764 f-*-*-‹‘Nae’

1254 4868 1320 4934 S.
1411 4867 1665 4941 Quarto
1710 4869 1841 4931 iam
1883 4889 1922 4932 a
1966 4875 2054 4948 te,
2102 4869 2307 4932 Pater
2352 4868 2750 4950 charissime,
2799 4869 3033 4934 literas
3080 4871 3324 4955 accepi,
3373 4871 3617 4955 primas
3663 4870 3925 4954 quidem
3972 4869 4273 4934 Ianuarii
4320 4870 4427 4934 die
4482 4871 4547 4951 2,

1006 5000 1253 5064 alteras
1297 5021 1415 5085 per
1460 5000 1537 5064 D.
1582 5000 1962 5086 Philippum
2009 5001 2325 5065 Bechium
2366 5002 2711 5087 trigesima
2758 5002 3049 5067 eiusdem
3093 5004 3335 5067 mensis
3381 5003 3642 5068 allatas.
3733 5004 4071 5068 Praeterea
4117 5003 4198 5069 D.
4240 5002 4548 5069 Christo·

1004 5131 1248 5217 phorus
1303 5134 1555 5198 Hessus
1617 5135 2011 5219 praeceptori
2065 5156 2210 5197 meo
2258 5133 2534 5198 Doctori
2576 5135 2856 5198 Nicolao
2905 5135 3289 5199 fasciculum
3336 5136 3681 5201 literarum
3725 5136 3858 5201 XII
3906 5135 4045 5202 Cal.
4094 5135 4290 5200 Febr.
4336 5139 4548 5223 scrip·

1005 5269 1221 5329 tarum
1277 5267 1471 5330 simul
1533 5288 1679 5330 eum
1739 5269 2068 5332 coronatis
2122 5267 2205 5330 20
2247 5267 2557 5348 tradidit3
2603 5269 2735 5331 iam
2782 5269 2895 5351 qui
2943 5268 3066 5331 tibi
3110 5267 3278 5333 hanc
3324 5268 3738 5333 exhibiturus
3783 5276 3901 5348 est,
3950 5274 4252 5352 quartam
4300 5269 4551 5335 attulit

1007 5400 1375 5482 epistolam.
1464 5401 1682 5484 Atque
1724 5406 1799 5463 ut
1842 5400 1924 5464 ad
1973 5421 2083 5464 eas
2125 5422 2347 5465 omnes
2393 5406 2795 5480 λακωνικῶς
2845 5403 3185 5487 (quoniam
3231 5409 3503 5488 propter
3546 5405 3862 5488 temporis
3890 5403 4290 5469 brevitatem
4334 5403 4548 5488 pluri-

1006 5530 1130 5596 bus
1171 5555 1299 5596 non
1345 5534 1533 5602 licet]
1578 5534 2025 5620 respondeam,
2072 5535 2613 5600 iucundissimum
2656 5536 2818 5599 mihi
2864 5537 2993 5599 fuit
3039 5535 3116 5599 de
3147 5544 3267 5599 tua
3312 5536 3696 5600 valetudine
3743 5537 4089 5601 certiorem
4135 5536 4295 5611 fieri,
4325 5557 4547 5621 neque

1202 5759 1209 5760 ff
1232 5757 1305 5763 ·—-
1326 5758 3869 5768 ————..-———-——.—————-—-——-——
3901 5758 4305 5764 ——————-
