4914 6782
909 515 1267 525 r*—
1304 517 3861 528 wm„—-————-—————-—————
3905 521 4152 525 m
4189 518 4360 526 —-.—-
4441 520 4466 523 Ἴ
4491 518 4714 525 ἡ*

4789 546 4806 569 xxu

836 696 837 703 1

837 936 845 1015 ——-—

835 3783 839 3828 --7
836 3717 840 3742 -
830 2646 842 3684 Qffiffl*-Q——--———m-—-ff-———

2780 639 2856 699 10

1048 860 1457 925 authoritate
1504 868 1622 925 tua
1667 881 1871 945 posse,
1917 882 2076 945 rogo
2118 869 2183 924 te
2222 861 2424 924 etiam
2470 866 2669 946 atque
2718 862 2919 925 etiam
2967 862 3344 945 diligenter,
3394 868 3467 926 ut
3497 883 3616 947 per
3647 863 4052 926 occasionem
4101 862 4392 927 rationes
4436 861 4580 925 eius

1047 1012 1429 1076 promovere
1476 991 1797 1058 benevole
1844 992 2156 1077 digneris.
2223 991 2496 1057 Iuvenis
2541 1000 2641 1057 est
2685 1015 2827 1057 meo
2859 994 3103 1058 iudicio
3143 995 3574 1080 singulariter
3607 995 3756 1079 pius
3787 1015 3863 1057 ac
3895 994 4147 1075 doctus,
4196 995 4310 1079 qui
4355 1017 4579 1079 quam-

1048 1124 1159 1187 diu
1205 1146 1348 1188 meo
1397 1127 1726 1208 convictu,
1775 1125 1857 1189 ad
1902 1124 2242 1189 biennium
2287 1125 2442 1206 fere,
2492 1148 2647 1190 usus
2692 1133 2810 1207 est,
2860 1128 2956 1191 ita
2999 1148 3068 1191 se
3117 1127 3439 1208 exhibuit,
3494 1134 3568 1192 ut
3617 1127 3775 1191 solis
3827 1126 4065 1191 studiis
4103 1127 4447 1191 literarum
4494 1149 4575 1192 ac

1046 1257 1286 1341 pietati
1330 1264 1528 1321 natus
1574 1280 1712 1324 esse
1758 1258 2085 1323 videatur.
2133 1260 2440 1324 Instituit
2479 1261 2584 1324 hic
2625 1282 2700 1324 eo
2735 1269 3047 1346 tempore,
3093 1282 3221 1344 quo
3253 1259 3589 1324 nobiscum
3621 1260 3770 1340 fuit,
3814 1261 4064 1325 Lucam
4089 1260 4487 1342 &velseruQ
4539 1283 4578 1324 a

1049 1409 1178 1473 quo
1225 1390 1427 1453 etiam
1476 1396 1575 1453 est
1619 1391 1951 1476 tantisper
1994 1393 2171 1459 altus
2216 1416 2291 1458 ac
2332 1400 2764 1459 sustentatus
2813 1393 2975 1459 Cum
3021 1401 3245 1457 autem
3292 1393 3658 1479 discipulus
3704 1393 3976 1458 consilio
4021 1396 4251 1459 matris
4296 1416 4372 1458 ac
4419 1416 4611 1480 pros

1046 1522 1440 1605 pinquorum
1485 1523 1552 1585 in
1597 1522 1864 1586 Italiam
1912 1546 1981 1589 se
2028 1527 2404 1609 contulerit,
2449 1527 2784 1612 aliumque
2831 1504 2959 1591 sibi
2998 1526 3387 1611 magistrum
3434 1525 3828 1601 adiunxerit,
3877 1526 4179 1591 dimissus
4224 1535 4324 1591 est
4355 1530 4572 1613 prod-1-

1044 1675 1278 1740 gogus,
1326 1676 1403 1718 ac
1448 1655 1578 1718 iam
1623 1656 1904 1721 Basileae
1951 1658 2372 1723 conditionen
2420 1660 2710 1744 aliquam
2759 1659 3180 1738 commodam,
3221 1681 3352 1744 qua
3403 1659 3464 1723 ei
3508 1658 3713 1723 liceat
3742 1661 3851 1744 pio
3898 1665 3966 1723 et
4007 1661 4270 1745 integro
4316 1682 4392 1723 ac
4439 1668 4577 1725 stu·

1046 1787 1226 1852 dioso
1273 1810 1432 1864 esse,
1479 1810 1770 1874 quaerere
1818 1793 2196 1873 constituit3
2246 1815 2396 1857 nam
2442 1794 2550 1859 hic
2595 1796 2664 1858 in
2708 1794 3207 1879 praesentiarum
3251 1793 3439 1857 nulla
3483 1814 3626 1857 sese
3673 1792 4012 1857 offerebat.
4066 1793 4327 1858 Maiora
4375 1796 4576 1859 etiam

1044 1919 1166 1983 hoc
1214 1928 1507 2007 tempore
1553 1923 1728 2008 apud
1776 1946 1892 1987 nos
1937 1926 2348 1991 incommoda
2389 1934 2564 2010 sunt,
2610 1929 2675 1991 in
2723 1928 2846 1991 hac
2886 1948 3103 1990 rerum
3159 1928 3446 1989 omnium
3492 1925 4013 2012 perturbatione,
4060 1948 4258 2012 quam
4307 1934 4380 1991 ut
4426 1928 4578 1991 tali-

1044 2051 1169 2115 bus
1214 2054 1500 2138 ingeniis
1543 2055 1651 2118 vel
1696 2054 1908 2119 libeat
1954 2057 2061 2120 vel
2108 2059 2310 2123 liceat
2354 2059 2583 2123 liberis
2640 2060 2748 2124 hic
2788 2080 2946 2123 esse.
3038 2056 3227 2130 Quod
3293 2063 3614 2143 superest,
3670 2056 4045 2122 doctissime
4105 2059 4209 2121 vir
4253 2063 4322 2122 et
4366 2058 4578 2122 Iuris·

1045 2186 1493 2251 consultorum
1540 2188 1909 2273 coryphaee,
1967 2196 2032 2253 te
2090 2212 2201 2254 oro
2261 2212 2551 2277 rogoque
2608 2190 3109 2274 diligentissime
3173 2195 3246 2251 ut
3300 2208 3402 2254 me
3463 2196 3663 2273 atque
3711 2191 3912 2253 etiam
3959 2190 4277 2273 Nysaeum
4321 2191 4575 2254 habeas

1045 2320 1588 2399 commendatum,
1649 2322 1895 2406 hasque
1950 2344 2131 2386 meas
2186 2323 2417 2387 literas
2479 2323 2587 2387 vel
2643 2323 3082 2407 importunius
3140 2322 3246 2385 vel
3304 2320 3613 2386 fidentius
3671 2323 3752 2386 ad
3819 2330 3885 2387 te
3948 2325 4230 2409 scriptas
4286 2346 4403 2410 pro
4457 2333 4577 2388 tua

1046 2452 1382 2535 ἐπιεικείᾳ
1427 2455 1578 2518 boni
1636 2456 1958 2536 consulaS,
2026 2478 2319 2542 meaeque
2373 2456 2738 2520 temeritati
2793 2463 2909 2518 aut
2964 2456 3185 2539 potius
3233 2454 3545 2519 facilitati
3592 2458 3913 2540 ignoscas.
3965 2458 4140 2521 Bene
4186 2456 4374 2519 valo.
4404 2456 4576 2519 Thu·

1045 2587 1269 2672 bingae
1298 2639 1311 2652 .
1340 2588 1569 2652 Idibus
1615 2589 1783 2653 Julii
1832 2591 2025 2653 Anno
2072 2591 2309 2655 salutis
2354 2591 2444 2653 M.
2495 2591 2575 2653 D.
2622 2591 2699 2653 L.

3002 2725 3384 2791 Nicolaus
3425 2725 4029 2791 Varenbfilerus
4076 2722 4139 2786 J.
4191 2722 4273 2786 U.
4325 2722 4404 2785 D.

2531 2891 2870 2904 ¹-Xl“-&¹‘··⁴v“v⁶-V'ae⁶⁴*f
2879 2892 2898 2904 φ’
2907 2892 2930 2904 υ*
2939 2892 3020 2904 fus-2

2773 3029 2868 3091 ΙΙ.

1722 3186 2112 3267 Nicolaus
2180 3187 2742 3269 Varnbiilerus
2804 3186 3234 3268 Bonifacio
3301 3186 3879 3268 AmerbachiO.

2326 3349 2469 3417 (Cod.
2503 3351 2774 3407 Basilicus.
2811 3350 2869 3406 Gr.
2910 3352 2951 3407 1.
2988 3354 3037 3407 9.
3074 3351 3162 3405 fol.
3201 3352 3305 3417 17.)

1041 3469 1668 3541 Iurecon-sultorum
1736 3471 2088 3561 coryphaeo
2142 3473 2290 3542 viro
2345 3473 2590 3562 optimo
2645 3479 2839 3562 atque
2893 3471 3268 3542 clarissimo
3319 3470 3619 3541 Domino
3670 3468 4042 3554 Bonifacz'o
4093 3468 4574 3556 Amerbacmb,

1191 3622 1472 3693 Lectori
1523 3629 1585 3694 et
1634 3624 1926 3695 Doctori
1978 3623 2371 3693 Academi-(e
2415 3620 2824 3690 Basile'ensc's
2873 3642 3155 3706 sum-neo,
3208 3620 3508 3690 Domino
3559 3623 3623 3688 et
3672 3618 3977 3689 Patrono
4030 3618 4429 3688 clarissimo,

1292 3897 1360 3961 S.
1397 3898 1470 3962 P.
1504 3897 1584 3960 D.
1658 3896 1738 3960 In
1782 3899 1973 3983 gravi
2020 3899 2388 3983 acerboque
2435 3899 2624 3962 luctu
2671 3900 3071 3961 constitutus
3113 3896 3308 3961 hodie
3340 3901 3491 3960 tuas
3520 3895 3752 3959 literas
3785 3897 4031 3980 accepi,
4079 3897 4182 3960 vir
4214 3895 4574 3959 clarissime

1043 4037 1111 4094 et
1154 4032 1769 4096 iurisconsultorum
1815 4033 2376 4118 praestantissime.
2425 4032 2665 4095 Tribus
2710 4032 2881 4094 enim
2923 4031 3101 4094 horis
3131 4036 3281 4115 post
3311 4032 3654 4093 humatum
3683 4027 4073 4093 Sichardum
4117 4034 4413 4093 nostrum
4461 4050 4575 4092 eas

1039 4165 1200 4227 mihi
1242 4164 1520 4228 nuncius
1564 4171 1783 4228 vester
1813 4166 2066 4229 attulit.
2120 4165 2264 4228 Prae
2297 4163 2521 4228 dolore
2566 4165 2792 4249 itaque
2838 4166 3140 4246 maximo,
3189 4186 3380 4249 quem
3411 4186 3540 4227 non
3580 4163 3771 4226 modo
3805 4163 4117 4247 privatim
4150 4161 4231 4225 ob
4258 4163 4572 4227 amissum

1041 4302 1390 4381 patronum
1442 4304 1510 4362 et
1552 4301 1834 4362 amicum
1882 4299 2313 4362 clarissimum
2360 4297 2602 4381 accepi,
2647 4296 2760 4360 sed
2808 4298 3182 4381 etiamquo
3228 4296 3311 4359 ob
3343 4296 3677 4381 publicam
3703 4296 4066 4360 utilit-atem
4094 4295 4371 4360 affectus
4408 4318 4573 4368 sum,

1040 4451 1171 4493 una
1219 4451 1365 4493 cum
1412 4436 1554 4495 toto
1600 4437 1821 4496 nostro
1872 4433 2233 4517 gymnasi0‚
2280 4433 2413 4496 fere
2461 4431 2634 4515 quod
2678 4430 3032 4494 rescribam
3077 4430 3203 4493 tibi
3246 4452 3376 4493 non
3421 4429 3652 4494 habeo.
3713 4429 3909 4492 Nosti
3956 4430 4143 4503 enim,
4190 4429 4291 4492 vir
4323 4428 4565 4492 doctis·

1039 4566 1219 4645 sime,
1269 4564 1735 4628 conturbatum
1782 4565 2004 4629 dolore
2050 4566 2341 4628 animum
2384 4586 2514 4627 non
2574 4585 2714 4628 esse
2771 4564 3077 4627 idoneum
3123 4562 3206 4625 ad
3261 4562 3635 4627 obeundum
3680 4584 3915 4626 munus
3960 4584 4168 4626 suum.
4256 4561 4573 4645 Ignosces

1038 4698 1249 4782 igitur
1295 4698 1454 4761 mihi
1500 4699 1556 4762 si
1600 4719 1831 4782 parum
1876 4697 2065 4762 docte
2116 4704 2184 4762 et
2228 4699 2443 4762 minus
2490 4700 2955 4763 convenienter
2998 4698 3122 4761 tibi
3169 4697 3616 4782 respondeam,
3663 4720 3790 4761 non
3828 4704 4089 4761 tantum
4121 4697 4203 4760 ob
4238 4720 4383 4761 eam
4414 4718 4568 4760 cau-

1039 4851 1196 4911 sam,
1240 4830 1355 4893 sed
1401 4831 1602 4894 etiam
1646 4830 1815 4894 hanc
1861 4831 2063 4894 aliam
2108 4832 2278 4916 quod
2327 4833 2449 4896 hac
2494 4834 2640 4918 ipsa
2683 4835 2847 4898 hora
2891 4833 2975 4896 ad
3015 4833 3472 4916 Margravium
3504 4831 3867 4895 Badensem
3911 4832 4047 4912 (cui
4077 4853 4178 4895 me
4203 4832 4340 4915 jam
4373 4837 4570 4893 antea

1039 4964 1345 5049 princeps
1390 4985 1573 5027 meus
1620 4964 2164 5029 clementissimus
2227 4966 2309 5029 D.
2374 4965 2884 5052 Christophorus
2947 4987 3026 5029 ex
3084 4965 3283 5029 certis
3329 4965 3542 5028 causis
3588 4964 3909 5044 adiunxit,
3970 4964 4124 5026 dum
4189 4985 4335 5027 cum
4379 4971 4571 5049 patre

1038 5119 1154 5160 suo
1200 5096 1290 5160 M.
1338 5097 1621 5161 Ernesto
1667 5104 1814 5162 tota
1862 5100 2001 5183 ejus
2047 5121 2246 5163 causa
2293 5098 2752 5184 componatur)
2801 5118 3073 5176 avocor3
3120 5104 3188 5160 et
3234 5103 3587 5181 propterea
3632 5104 3700 5160 et
3724 5097 4147 5161 festinantius
4193 5103 4262 5160 et
4300 5097 4573 5160 brevius

1038 5230 1164 5293 tibi
1211 5252 1410 5316 cogor
1453 5231 1836 5295 rescribere.
1892 5231 2141 5295 Literae
2187 5233 2416 5314 itaque
2464 5236 2598 5293 tuae
2643 5229 2803 5292 mihi
2846 5234 3023 5292 certe
3056 5228 3349 5313 profecto
3383 5230 3650 5294 fuerunt
3681 5231 4099 5315 gratissimae,
4147 5228 4318 5314 quod
4353 5250 4434 5293 ex
4463 5229 4569 5294 his

1038 5365 1295 5448 liquido
1340 5367 1738 5451 perspiciam
1776 5388 1879 5430 me
1926 5366 2044 5429 abs
2087 5372 2177 5442 te,
2222 5370 2414 5428 tanto
2461 5371 2729 5448 tamque
2775 5363 3095 5449 praeclaro
3140 5364 3300 5440 virO,
3358 5364 3542 5446 cujus
3587 5365 3904 5449 corigiam
3950 5365 4204 5428 solvere
4249 5385 4380 5427 non
4425 5385 4568 5428 sum

1040 5497 1297 5581 dignuS,
1347 5500 1573 5563 amari.
1621 5499 1769 5583 Ego
1816 5500 2027 5583 igitur
2063 5505 2387 5583 perpetuo
2433 5497 2584 5560 dum
2630 5498 2856 5561 vivam
2900 5505 2969 5561 te
3017 5502 3083 5561 et
3128 5495 3503 5574 redamabo‚
3553 5504 3628 5561 ut
3669 5499 3765 5562 ita
3810 5497 4043 5579 dicam,
4091 5505 4159 5561 et
4185 5497 4415 5563 colam.
4463 5499 4568 5562 Ao
