4914 6782
2683 673 2765 733 5ss

968 871 1227 944 dicitur,
1270 871 1556 937 solventi
1588 892 1731 936 non
1775 871 1984 935 solum
2027 871 2197 936 bene
2242 878 2615 957 precentur,
2660 870 2776 935 sed
2819 876 2888 936 et
2929 872 3032 936 tui
3077 870 3471 937 desiderium
3528 879 3596 938 et
3640 875 4021 938 memoriam
4061 874 4252 939 bonis
4293 877 4487 940 relin-

969 1029 1151 1091 quas,
1242 1007 1416 1071 Bene
1472 1006 1643 1086 vale,
1700 1006 1929 1072 Basili.
2027 1005 2328 1072 Christus
2382 1004 2668 1069 reditum
2737 1010 2926 1069 tuum
2991 1026 3109 1090 pro
3175 1006 3489 1069 immensa
3553 1026 3673 1070 sua
3733 1006 4036 1071 bonitate
4101 1028 4486 1093 prosperare

968 1141 1297 1225 dignetur.
1385 1140 1663 1203 Basileae
1709 1137 2025 1224 postridie
2072 1137 2133 1201 d.
2178 1137 2531 1203 Laurentii
2573 1138 2700 1202 XI.
2746 1139 3041 1223 Augusti
3084 1140 3279 1202 Anno
3322 1138 3652 1203 MDLIII.

1218 1273 1621 1360 Praeceptori
1678 1279 1814 1353 tuo,
1872 1273 2100 1353 Basili,
2158 1294 2274 1358 pro
2314 1273 2496 1336 victu
2545 1292 2625 1336 ex
2680 1272 2885 1335 animi
2942 1272 3044 1335 sui
3089 1273 3420 1336 sententia
3465 1273 3854 1336 satisfacias.
3945 1274 4253 1338 Pecuniae
4294 1296 4484 1361 porro

968 1428 1114 1491 quae
1172 1408 1302 1470 iam
1363 1406 1443 1470 ad
1499 1428 1647 1470 eum
1702 1406 2005 1491 pervenit
2058 1427 2376 1470 summam
2433 1407 2574 1470 sive
2620 1406 3084 1489 quantitatem,
3130 1407 3258 1470 nisi
3302 1405 3518 1487 fallar,
3563 1412 3768 1472 tenes.
3838 1407 3891 1470 Ι.
3940 1409 4272 1473 Preterito
4317 1431 4484 1474 anno

964 1540 1033 1602 in
1087 1538 1464 1624 Septembri
1524 1539 1699 1603 istuc
1754 1539 2089 1624 profectus
2147 1539 2376 1603 statim
2431 1538 2517 1601 ab
2572 1538 2765 1601 initio
2822 1539 3068 1622 viginti
3127 1560 3361 1602 aureos
3415 1539 3795 1605 Rhenenses
3846 1542 3912 1604 in
3977 1563 4137 1606 auro
4204 1543 4483 1607 solvisti.

862 1686 869 1691 ·
966 1670 1058 1733 11.
1106 1662 1277 1735 Dein
1333 1673 1577 1756 viginti
1628 1681 1976 1737 coronatos
2021 1673 2443 1748 Caesarianos,
2488 1691 2651 1755 quos
2710 1669 2932 1734 ducali
2987 1668 3362 1735 Secretario
3409 1671 3878 1758 Christophoro
3932 1673 4101 1738 Hess
4146 1678 4483 1760 praeterito

965 1802 1276 1867 Ianuario
1341 1804 1422 1867 ad
1490 1811 1556 1869 te
1627 1803 1951 1883 dederam,
2019 1804 2099 1867 ad
2164 1810 2633 1889 praeceptorem
2689 1810 2875 1867 tuum
2931 1804 3306 1889 pervenisse
3368 1827 3445 1870 ex
3502 1806 3717 1870 literis
3781 1810 3915 1871 tuis
3977 1830 4120 1872 sum
4192 1808 4482 1873 edoctus.

965 1934 1096 1999 III.
1150 1936 1478 2003 I'raeterea
1535 1938 1708 2002 binis
1769 1938 1994 2002 fratris
2038 1938 2138 2002 sui
2184 1936 2415 2000 liberis
2462 1942 2531 2000 et
2569 1935 2921 1999 eorundem
2967 1935 3187 1999 altrici
3232 1937 3542 2001 mandato
3609 1939 3816 2022 ipsius
3872 1941 4482 2023 sesquicoronatum

963 2069 1354 2133 Francicum
1409 2070 1578 2139 dedi.
1637 2071 1759 2134 hoo
1803 2080 1922 2151 est,
1969 2070 2251 2155 singulis
2307 2069 2722 2133 dimidiatum
2782 2075 3162 2133 coronatum
3209 2069 3488 2134 solarem
3534 2072 3717 2154 (sunt
3761 2078 3894 2135 tres
3940 2072 4299 2155 dimidiati)
4343 2082 4485 2137 tan·

965 2223 1158 2285 quam
1208 2202 1471 2266 xeniola
1515 2203 1599 2266 ab
1648 2204 1798 2267 avia
1843 2204 2060 2283 missa,
2109 2224 2255 2265 cum
2300 2202 2382 2266 ad
2427 2223 2533 2266 me
2583 2201 2910 2266 Lindavio
2961 2203 3041 2286 18*
3083 2202 3403 2266 Februar.
3445 2206 3832 2290 scripsisset.
3897 2204 4064 2267 1111.
4113 2205 4484 2269 Novissime

964 2333 1361 2419 Isingrinius
1423 2359 1499 2401 ex
1560 2336 2142 2401 Francofordianis
2207 2335 2517 2399 nundinis
2580 2335 2648 2397 in
2701 2334 2923 2419 Aprili
2991 2334 3249 2397 rediens
3316 2335 3862 2420 cheirographum
3929 2337 4090 2400 mihi
4154 2340 4484 2421 signatum

964 2467 1231 2549 obtulit,
1280 2491 1404 2553 quo
1452 2477 1817 2555 praeceptor
1861 2476 2015 2533 tuus
2058 2475 2135 2532 ut
2180 2468 2551 2553 quindecim
2598 2489 2830 2532 aureos
2872 2468 2939 2531 in
2985 2475 3249 2532 moneta
3296 2476 3363 2532 et
3407 2470 3630 2533 decem
3674 2469 4018 2535 batziones
4076 2473 4140 2534 in
4196 2474 4486 2535 rationes

963 2602 1336 2667 inferendos
1393 2624 1509 2666 suo
1573 2602 1831 2665 nomine
1888 2600 2246 2685 Isingrinio
2300 2600 2624 2665 solverem
2683 2601 2898 2685 petiit,
2959 2599 3025 2662 id
3072 2601 3244 2685 quod
3289 2611 3556 2688 recepto
3603 2603 4080 2689 cheirographo
4123 2605 4267 2683 feci,
4315 2606 4484 2688 (tum

966 2739 1166 2801 etiam
1236 2737 1523 2820 quinque
1591 2735 1810 2798 aureis
1872 2733 2083 2798 eidem
2149 2733 2544 2818 IsengriniO,
2589 2755 2752 2817 quos
2818 2740 2892 2797 tu
2959 2755 2997 2796 a
3042 2733 3449 2819 Vulffgango
3497 2735 3795 2801 Conrado
3852 2757 4223 2821 acceperaS,
4292 2739 4485 2799 iuxta

964 2868 1231 2952 apochae
1287 2873 1417 2931 tuae
1471 2872 1768 2930 tenorem
1823 2865 2107 2945 solutis).
2195 2864 2412 2928 Huius
2469 2865 2784 2949 pecuniae,
2840 2885 2983 2949 quae
3029 2865 3111 2929 ad
3175 2876 3643 2953 praeceptorem
3688 2873 4009 2955 pervenit,
4056 2892 4372 2934 summam
4420 2872 4487 2933 in

963 3008 1228 3065 moneta
1288 3002 1688 3065 constituere
1746 3007 2095 3086 propterea
2150 3022 2281 3063 non
2336 3020 2626 3084 possum,
2676 2998 2848 3082 quod
2906 3000 3091 3062 aurei
3154 3000 3518 3066 Rhenensis
3581 3003 3646 3065 in
3710 3025 3890 3081 aur0,
3955 3004 4114 3067 item
4185 3004 4484 3066 coronati

964 3135 1272 3199 Francici
1317 3135 1551 3199 solaris
1598 3140 1665 3199 et
1711 3140 2029 3217 praeterea
2076 3134 2429 3200 Caesariani
2476 3135 2981 3197 aestimationem
3027 3135 3179 3198 istic
3218 3156 3256 3197 a
3304 3142 3530 3199 nostra
3561 3137 3819 3200 variare
3853 3142 4032 3221 puto,
4126 3136 4226 3199 Tu
4259 3140 4487 3221 itaque

966 3267 1456 3352 Tubingensem
1502 3268 2007 3332 aestimationem
2046 3268 2343 3351 sequaris
2390 3273 2673 3352 oportet.

1216 3403 1344 3466 Pro
1388 3400 1693 3466 coronide
1737 3408 1983 3485 repet0‚
2026 3402 2118 3464 mi
2157 3400 2387 3482 Basili,
2433 3400 2560 3464 tibi
2604 3399 2889 3463 liberum
2917 3401 3079 3482 fore,
3123 3422 3200 3465 ac
3231 3407 3346 3466 tuo
3378 3424 3480 3466 me
3512 3401 3788 3466 arbitrio
3821 3402 4214 3486 relinquere,
4262 3403 4486 3467 utrubi

965 3535 1288 3610 habitare,
1344 3534 1465 3599 hoo
1509 3539 1626 3607 est,
1683 3555 1766 3597 an
1823 3533 2037 3597 adhuc
2095 3555 2215 3618 per
2272 3555 2515 3598 annum
2573 3534 2900 3620 Tubingae
2955 3556 3237 3610 manere,
3291 3557 3375 3599 an
3420 3556 3575 3600 vero
3620 3536 3843 3620 potuis
3884 3557 4056 3599 nunc
4103 3537 4168 3600 in
4215 3536 4487 3600 ltaliam

965 3668 1292 3754 proficisci
1334 3669 1545 3732 malis.
1634 3668 1707 3732 Si
1746 3667 2053 3753 Tubinga
2098 3669 2223 3733 tibi
2270 3668 2448 3732 cordi
2495 3675 2614 3749 est,
2660 3668 2891 3733 literas
2948 3690 3127 3734 meas
3177 3668 3490 3733 abitionis
3545 3667 4049 3752 significatrices
4094 3671 4485 3753 praeceptori

968 3822 1126 3865 cave
1174 3800 1308 3882 des,
1355 3801 1514 3885 quin
1559 3802 1779 3885 potius
1823 3802 2145 3888 intercipe
2192 3808 2260 3867 et
2304 3803 2366 3866 ei
2396 3824 2541 3867 meo
2582 3803 2843 3867 nomine
2876 3803 3224 3887 plurimam
3256 3802 3539 3867 salutem
3572 3802 3697 3867 dic.
3739 3801 4238 3866 Habitationem
4282 3812 4485 3882 tuam,

967 3934 1021 3998 si
1069 3932 1474 3997 commodum
1520 3937 1639 4013 est,
1683 3954 1907 3998 rursus
1951 3935 2221 4001 conduc.
2298 3936 2442 4001 Nec
2500 3960 2664 4023 opus
2717 3943 2834 4014 est,
2891 3943 2965 4002 ut
3016 3958 3119 4001 res
3164 3942 3319 4000 tuas
3372 3936 3739 4000 conclames
3793 3956 4292 4021 componasque,
4340 3945 4488 4021 post

969 4087 1250 4130 mensem
1308 4067 1479 4131 istuc
1536 4067 1889 4132 rediturus.
1993 4068 2113 4134 Sin
2167 4069 2406 4134 relicta
2450 4071 2759 4157 Tubinga
2801 4073 2872 4135 in
2917 4070 3187 4135 Italiam
3229 4069 3554 4156 proficisci
3599 4071 3809 4134 mavis
3875 4077 3943 4135 et
3986 4070 4342 4134 Patavium
4385 4091 4488 4134 co·

967 4199 1164 4281 gite-S,
1207 4199 1440 4265 literas
1478 4222 1659 4266 meas
1703 4204 2095 4287 praeceptori
2141 4202 2319 4284 offer,
2367 4211 2437 4268 et
2479 4205 2548 4268 in
2593 4205 3068 4290 dispungendis
3110 4202 3481 4267 rationibus
3526 4209 3593 4265 et
3628 4201 3921 4285 reliquis,
3974 4201 4069 4264 uti
4116 4202 4195 4264 de
4240 4203 4485 4286 scripto

2694 4469 2875 4534 Tuus
2915 4470 3163 4534 Parens
3209 4471 3671 4535 Bonifacius
3715 4469 4317 4535 Amerbachius.

1217 4748 1461 4812 hieber
1505 4770 1625 4812 sun
1672 4748 1899 4814 Basili.
1987 4750 2114 4815 Als
2158 4751 2266 4815 ich
2313 4752 2688 4836 obgemelte
2735 4753 3065 4838 zwentzig
3109 4752 3360 4817 keisers
3390 4753 3641 4817 kronen
3685 4759 3903 4837 sampt
3947 4753 4200 4816 zweien
4245 4752 4486 4838 doppel

970 4878 1254 4944 ducaten
1319 4882 1388 4944 in
1454 4881 1678 4947 diesen
1743 4883 1941 4948 brieff
1991 4907 2116 4948 zuo
2182 4885 2623 4949 beschliessen
2691 4886 3079 4968 vorhabenS,
3141 4888 3229 4951 ist
3294 4907 3418 4949 zuo
3481 4887 3608 4949 mir
3674 4888 3967 4949 kommen
4027 4885 4209 4949 Hans
4255 4885 4484 4950 Ulrich

967 4331 1095 4394 tibi
1138 4353 1339 4417 supra
1382 4335 1637 4417 praeivi,
1684 4335 1900 4398 onmia
1948 4340 2017 4399 et
2059 4336 2325 4421 singula
2372 4334 2615 4399 confice
2662 4340 2731 4399 et
2777 4334 3032 4420 expedi.

969 5012 1366 5092 Varnbuler,
1425 5013 1712 5078 doctoris
1773 5014 2056 5097 Nicolai,
2116 5016 2301 5080 dines
2351 5018 2760 5101 preceptoris
2814 5017 3115 5098 bruoder,
3171 5016 3302 5080 vnd
3361 5016 3510 5081 hott
3563 5017 3735 5081 mich
3789 5018 4106 5102 gebetten
4160 5018 4354 5082 imme
4409 5041 4486 5082 ze

969 5145 1187 5210 lichen
1233 5146 1437 5231 drisig
1481 5146 1641 5232 gold
1684 5146 1915 5232 guldin
1959 5147 2232 5213 Rinisch
2275 5149 2343 5212 in
2391 5150 2550 5234 gold
2596 5149 2753 5215 oder
2796 5150 2986 5235 golds
3028 5171 3344 5236 waerung,
3390 5150 3493 5215 die
3539 5149 3757 5214 werde
3805 5151 3907 5214 sin
3951 5150 4236 5215 bruoder
4280 5150 4338 5217 d.
4373 5150 4486 5215 Ni·

972 5280 1198 5345 colaus
1236 5280 1332 5344 vff
1368 5283 1468 5344 sin
1515 5281 1979 5347 handtschrifft
2023 5303 2151 5347 von
2194 5282 2425 5347 stundt
2470 5283 2574 5347 dir
2619 5283 2822 5348 wider
2855 5283 3225 5357 xberliferm
3271 5282 3399 5346 111(1
3437 5283 3551 5347 (188
3580 5283 3753 5345 mich
3784 5282 3876 5365 b)
3912 5288 4184 5367 guotem
4216 5282 4486 5346 druwen

971 5420 1379 5481 vertrostett.
1425 5416 1524 5480 als
1567 5439 1700 5480 nun
1746 5416 1889 5502 gelt
1933 5417 2096 5480 vber
2139 5417 2270 5481 feld
2315 5439 2440 5481 zuo
2486 5417 2661 5502 farig
2699 5416 3005 5503 sorglich,
3052 5415 3182 5479 111(1
3228 5414 3337 5479 1811
3381 5415 3598 5479 dinem
3629 5415 4020 5501 praeceptori
4054 5413 4285 5477 darinn
4318 5413 4488 5477 auch

972 5549 1207 5615 dienen
1261 5551 1517 5628 wellen,
1579 5551 1710 5615 hab
1767 5551 1874 5615 ich
1934 5552 2022 5615 im
2076 5551 2384 5636 gelichen
2446 5550 2675 5635 drysig
2731 5550 2889 5636 gold
2940 5549 3172 5635 guldin
3228 5549 3499 5613 Rinisch
3551 5551 3618 5612 in
3672 5546 3863 5632 goldt
3916 5546 4144 5611 werdt.
4200 5546 4485 5610 namlich

4697 3625 4700 3638 ,
4692 3209 4699 3576 ——-——
4690 2124 4701 3189 Μ
4691 1818 4702 2103 Ἶ--Ἴ--
4697 1534 4705 1799 ——-

4689 3805 4702 5030 ————-·—————--————————ss-—ss
