4914 6782
980 704 1641 815 praec-ellentium.
1770 706 1884 789 Et
1948 707 2358 811 utriusque
2422 706 2744 811 quidem
2810 706 3064 787 vitam
3128 706 3549 811 quominus
3618 734 4108 814 enarrarem,
4196 707 4498 790 eximia

980 880 1365 963 Fechteri
1444 889 1524 960 et
1587 878 1866 960 Iselini
1937 876 2453 988 popularium
2530 906 2899 960 meorum
2971 879 3367 987 praecavit
3432 878 3876 987 diligentia,
3953 907 4210 986 neque
4277 889 4497 962 esset

983 1083 1179 1135 sane
1254 1053 1491 1162 hujus
1556 1052 1716 1134 loci
1777 1052 1932 1133 hac
1994 1062 2083 1133 ut
2144 1051 2570 1160 provincia
2634 1049 3140 1159 defungerer.
3275 1048 3443 1131 Sed
3507 1051 4032 1160 epistolarum
4101 1080 4494 1133 commer-

984 1228 1194 1308 cium
1259 1227 1473 1333 quod
1535 1237 1857 1334 patrem
1919 1224 2159 1332 inter,
2226 1234 2421 1304 tunc
2483 1222 2875 1331 temporis
2937 1222 3148 1333 apud
3215 1221 3699 1304 Basilienses
3754 1223 4049 1304 eximia
4109 1222 4348 1304 laude
4414 1236 4497 1303 et

981 1397 1521 1479 iurisconsulti
1591 1410 1676 1477 et
1735 1396 2211 1506 professoris
2273 1395 2579 1505 publici
2642 1422 2927 1474 munus
2993 1407 3542 1499 exercentem,
3610 1393 4012 1501 filiumque
4077 1395 4492 1504 Basilium,

985 1570 1386 1677 Tubingae
1452 1569 1902 1648 studiorum
1970 1595 2203 1648 causa
2269 1567 2741 1673 degentem,
2833 1577 3022 1646 ante
3096 1565 3242 1646 hos
3316 1577 3728 1646 trecentos
3801 1567 4094 1675 viginti
4159 1566 4498 1675 amplius

983 1771 1232 1824 annos
1273 1743 1758 1847 intercessit,
1826 1740 2034 1821 infra
2080 1740 2698 1820 describendum
2744 1767 2847 1819 ex
2889 1738 3375 1848 amplissima
3423 1724 3941 1845 epistolarum
3989 1738 4493 1845 collectione,

984 1941 1135 2021 qua
1197 1914 1433 1995 laude
1497 1915 1769 1995 nescio
1836 1941 1938 1993 an
2001 1911 2218 1992 nulla
2281 1911 2846 2020 praestantiore
2912 1910 3412 1991 bibliotheca
3475 1922 3751 1991 nostra
3815 1911 4138 2020 publica
4179 1912 4494 2019 floreat,

986 2086 1296 2191 curavi,
1384 2084 1827 2165 accedente
1892 2083 2344 2192 praesertim
2415 2080 2771 2186 Sieberi,
2859 2081 3420 2164 thesaurorum
3513 2085 3866 2165 custodis
3929 2084 4497 2191 humanissimi,

987 2257 1411 2365 diligentia
1480 2284 1620 2335 suo
1685 2254 2097 2365 praeconio
2162 2255 2378 2335 haud
2442 2253 2921 2334 frustranda.
3053 2254 3131 2334 Is
3198 2256 3408 2335 enim
3476 2283 3626 2363 qua
3680 2269 3802 2336 est
3863 2258 3946 2337 in
4001 2257 4236 2337 bonis
4277 2256 4498 2338 lit-te-

987 2428 1094 2508 ris
1159 2427 1526 2507 iuvandis
1588 2427 2009 2534 industria,
2077 2426 2717 2507 molestissimam
2773 2425 3486 2506 describendarum
3542 2427 4059 2535 epistolarum
4117 2456 4220 2509 ex
4272 2441 4501 2510 auto-

986 2599 1317 2707 graphis
1379 2598 1600 2680 lectu
1663 2600 2005 2679 subinde
2072 2597 2658 2679 difficilioribus
2720 2598 3219 2706 provinciam
3282 2599 3398 2678 ita
3441 2627 3754 2679 mec-um
3797 2602 4143 2709 partitus
4201 2613 4345 2710 est,
4413 2614 4505 2681 ut

987 2774 1049 2853 si
1133 2772 1323 2879 quid
1399 2773 1590 2853 inde
1665 2771 1792 2851 vel
1871 2770 2167 2851 tantilli
2231 2773 2503 2852 meriti
2568 2772 2649 2850 in
2713 2799 2841 2851 me
2908 2770 3545 2851 redundaturum
3612 2771 3749 2880 sit,
3838 2772 4287 2879 pleniorem
4364 2804 4503 2856 ne-

984 2945 1188 3053 gotii
1255 2955 1571 3051 partem
1638 2942 2156 3022 dilectissimo
2224 2944 2439 3024 socio
2506 2944 2924 3049 acceptam
3000 2941 3285 3021 referri
3358 2939 3732 3020 facillime
3805 2943 4094 3049 patiar.
4251 2945 4502 3027 Nole-

985 3116 1267 3197 bamus
1332 3127 1604 3196 autem
1668 3117 1768 3195 ab
1834 3114 1971 3194 illa
2036 3116 2425 3195 societate
2491 3115 2770 3195 abesse
2835 3114 3210 3221 quasdam
3235 3112 3777 3194 Varnbueleri
3818 3113 4293 3222 professoris
4338 3116 4502 3196 Tu-

984 3289 1396 3398 bingensis
1495 3289 1875 3400 epistulas
1951 3301 2036 3369 et
2103 3289 2314 3398 ipsas
2402 3287 2780 3396 Tubinga
2863 3287 2966 3366 ad
3048 3286 3681 3367 Amerbachium
3764 3300 4080 3395 patrem
4169 3286 4500 3394 delataS,

984 3462 1202 3542 unde
1323 3462 1636 3544 scilicet
1736 3460 2103 3545 nonnihil
2201 3463 2401 3543 lucis
2497 3461 3221 3543 Amerbachiorum
3325 3457 3881 3540 affunderetur
3989 3463 4499 3542 commercio.

990 3633 1633 3715 Commentarios
1716 3634 2019 3715 addere
2097 3661 2355 3741 neque
2431 3635 2775 3714 vacabat
2843 3659 3101 3739 neque
3177 3660 3376 3740 opus
3455 3660 3624 3713 esse
3696 3631 4155 3714 videbatur.
4302 3635 4504 3736 Quae

984 3806 1401 3886 festinanti
1469 3804 1771 3886 calamo
1840 3820 1926 3886 et
1984 3818 2221 3915 pater
2287 3819 2371 3888 et
2434 3805 3038 3886 Varnbuelerus
3100 3805 3359 3884 minus
3421 3817 3647 3885 recte
3713 3805 4209 3913 scripserunt
4287 3803 4506 3910 (sunt

984 3978 1424 4087 perpauca)
1493 3978 1921 4059 emendare
1986 3978 2362 4086 religioni
2430 3977 2920 4057 ducebamus
2986 3976 3532 4082 illibatamque
3596 3975 4056 4056 litterarum
4120 3981 4502 4059 sanctita-

982 4162 1190 4255 tem,
1271 4150 1458 4255 quin
1534 4152 1776 4231 immo
1853 4161 2166 4258 gratam
2241 4151 2409 4230 sive
2481 4149 2895 4229 hominum
2969 4149 3136 4230 sive
3214 4149 3375 4229 stili
3438 4148 4036 4256 neglegentiam
4101 4153 4506 4258 potiorem

987 4322 1204 4403 omni
1266 4323 1740 4403 morositate
1804 4322 2329 4429 grammatica
2389 4320 2846 4401 habendam
2910 4319 3146 4400 fuisse
3212 4321 3354 4401 vix
3421 4332 3542 4400 est
3606 4320 3816 4426 quod
3880 4350 4276 4403 moneam.

1226 4492 1520 4601 Igitur,
1607 4493 1761 4573 viri
1825 4492 2394 4601 humanissimi,
2487 4492 2645 4574 hoc
2707 4490 3511 4599 quantulumcumque
3591 4504 3712 4573 est
3787 4493 4234 4575 munusculi
4312 4495 4504 4576 boni

984 4663 1344 4768 aequique
1433 4664 1864 4746 consulatis
1966 4692 2217 4770 eoque
2328 4691 2483 4771 quo
2573 4676 2763 4747 ante
2849 4665 3026 4745 haec
3116 4665 3275 4744 tria
3357 4665 3694 4773 amplius
3779 4665 4067 4746 saecula
4163 4677 4503 4773 uterque

982 4834 1567 4916 Amerbachius
1630 4838 1895 4919 animo
1941 4839 2385 4947 accipiatis.
2491 4837 2787 4918 Valete
2844 4849 2927 4917 et
2969 4836 3430 4917 litterarum
3485 4833 3723 4918 laude
3786 4837 4080 4919 florere
4145 4840 4496 4947 pergite.

1224 5201 1542 5284 Dabam
1606 5204 1974 5287 Basileae.
3299 5203 3396 5303 J.
3443 5206 3858 5336 Maehly,
3926 5251 4005 5330 p.
4052 5251 4132 5331 p.
4185 5251 4257 5303 O.
