4914 6782
2084 631 2165 694 39

355 831 571 893 minus
613 835 875 912 gratum
921 829 1109 909 illud,
1159 828 1331 913 quod
1378 829 1554 893 luem
1601 829 1769 892 hanc
1815 850 1953 894 sese
1999 832 2323 895 remisisse
2370 833 2725 916 cognorim,
2774 840 2848 896 ut
2891 835 3022 897 iam
3066 835 3207 897 sine
3253 833 3701 899 sollicitudine
3736 843 3883 900 tuto

359 984 498 1027 esse
560 964 820 1048 possim.
907 963 1079 1027 Dein
1136 963 1305 1047 quod
1363 963 1441 1027 de
1504 964 1733 1027 Azone
1783 970 1851 1027 et
1896 963 2244 1029 Hostiense
2292 966 2545 1046 scribis,
2593 974 2680 1047 te,
2735 967 2926 1030 modo
2974 968 3306 1051 castigata
3350 970 3592 1053 possim
3638 969 3882 1034 habere

358 1097 780 1182 exemplaria,
829 1117 1051 1159 eorum
1097 1096 1450 1160 lectionem
1494 1118 1625 1159 non
1670 1097 2060 1182 improbare,
2106 1100 2205 1163 ita
2251 1099 2517 1163 habeto.
2604 1100 2985 1185 Praeceptor
3028 1122 3211 1165 meus
3256 1122 3336 1165 ex
3368 1100 3596 1167 Gallia
3640 1105 3883 1168 multos

357 1229 482 1293 sibi
530 1232 793 1294 curavit
836 1230 1053 1294 afferri
1100 1230 1321 1309 libros,
1369 1251 1531 1314 quos
1575 1232 1817 1314 partim
1857 1231 1983 1295 sibi
2015 1235 2328 1314 servavit,
2375 1235 2614 1319 partim
2647 1234 2800 1299 aliis
2832 1235 3129 1300 tradidit.
3175 1236 3256 1298 In
3287 1237 3386 1300 his
3419 1258 3680 1322 quoque
3710 1238 3883 1303 Azo-

357 1364 459 1426 nis
503 1370 571 1427 et
619 1363 988 1427 Hostiensis
1033 1385 1299 1427 summae
1344 1364 1612 1427 fuerunt
1651 1385 1731 1427 ex
1777 1363 2065 1427 editione
2116 1365 2350 1428 ultima
2395 1374 2483 1445 et,
2531 1373 2604 1430 ut
2648 1368 2785 1452 ipse
2833 1370 2950 1449 ait,
2999 1370 3495 1449 correctissima,
3530 1392 3692 1454 quas
3722 1370 3882 1434 mihi

359 1497 562 1559 etiam
605 1515 687 1559 ne
733 1497 1007 1580 petenti·
1036 1496 1298 1580 quidem
1346 1496 1548 1580 dedit,
1596 1504 1919 1582 praeterea
1951 1498 2283 1583 Angelum
2333 1522 2591 1584 quoque
2637 1523 2832 1586 super
2863 1502 3163 1566 Institut.
3207 1503 3379 1567 Nam
3411 1525 3512 1568 me
3549 1504 3881 1568 commode

356 1631 789 1714 interpretem
850 1629 932 1692 ad
985 1629 1449 1694 Institutiones
1511 1631 1825 1695 adhibere
1882 1653 2070 1716 posse
2131 1634 2491 1697 existimat.
2582 1634 2829 1698 Verum
2876 1626 3358 1720 ego'quoniam
3404 1639 3765 1723 saepissime
3813 1645 3880 1703 te

358 1763 575 1825 dicere
636 1763 905 1827 solitum
962 1767 1248 1845 memini,
1303 1766 1702 1850 interpretes
1750 1774 1817 1829 et
1863 1767 2227 1850 praesertim
2272 1767 2608 1851 Angelum
2653 1775 2922 1853 propter
2969 1769 3260 1852 prolixas
3307 1773 3707 1854 quaestiones
3774 1772 3882 1835 Iu-

356 1898 705 1960 stinianaeo
770 1918 940 1961 novo
995 1920 1124 1961 non
1178 1906 1314 1961 tam
1378 1898 1683 1983 prodesse
1745 1920 1938 1983 quam
1997 1899 2242 1978 obesse,
2300 1900 2446 1963 ideo
2511 1899 2719 1963 solum
2784 1902 2836 1963 si
2897 1901 3259 1965 solutiones
3319 1906 3796 1968 contrariorum
3843 1928 3883 1970 a

356 2030 560 2115 gloss.
626 2030 930 2095 adductae
974 2053 1102 2094 non
1146 2032 1563 2095 satisfaciant
1607 2054 1753 2096 eum
1798 2033 2160 2115 adhibebo,
2208 2042 2533 2109 caeterum,
2579 2035 2837 2119 quando
2885 2035 3174 2119 prolixas
3220 2037 3373 2100 illas
3421 2044 3488 2102 et
3534 2041 3882 2106 intricatas

357 2168 777 2251 quaestioneS,
823 2165 1149 2228 notabilia
1195 2169 1463 2246 tractat,
1535 2187 2014 2251 supervacuum
2062 2169 2363 2231 existimo
2395 2189 2497 2231 me
2543 2168 2610 2230 in
2657 2168 2791 2231 illis
2834 2168 3134 2252 legendis
3182 2171 3535 2254 quicquam
3568 2175 3881 2258 temporis

358 2319 617 2383 ponere,
664 2319 809 2361 cum
856 2298 1337 2381 Papinianistis
1384 2306 1582 2382 atque
1643 2298 1838 2381 Lytis
1881 2300 2103 2383 potius
2149 2300 2278 2362 ista
2323 2300 2739 2362 conveniant.
2832 2298 3092 2363 Caetera
3137 2322 3282 2383 quae
3328 2301 3406 2365 de
3452 2304 3882 2372 instituendis

356 2440 498 2495 tum
542 2432 779 2497 studiis
838 2454 966 2495 non
1027 2441 1161 2496 tam
1211 2432 1401 2495 docte
1460 2453 1650 2515 quam
1698 2433 1804 2516 pie
1850 2439 2052 2516 atque
2098 2440 2396 2495 amanter
2439 2454 2479 2495 a
2525 2441 2590 2496 te
2632 2435 3004 2518 conscripta
3047 2446 3202 2497 sunt
3248 2436 3511 2518 curabO,
3567 2446 3637 2503 ut
3683 2462 3879 2525 quam

357 2565 858 2651 diligentissime
906 2589 1159 2652 sequar.
1248 2566 1566 2651 Superest
1627 2567 1845 2630 tertiae
1893 2566 2193 2650 epistolae
2239 2588 2390 2651 pars
2438 2567 2687 2647 ultima,
2750 2568 2817 2629 in
2866 2589 2995 2651 qua
3043 2568 3120 2632 de
3168 2569 3250 2630 :20
3294 2573 3622 2636 coronatis
3668 2575 3876 2640 Caesa-

356 2702 562 2764 rianis
623 2722 724 2764 me
784 2700 1110 2771 admones,
1160 2722 1340 2785 q21OS,
1389 2707 1462 2763 ut
1498 2722 1698 2785 supra
1744 2700 1898 2779 dixi,
1947 2710 2313 2785 praeceptor
2350 2722 2534 2764 meus
2581 2701 2659 2763 D.
2706 2701 3022 2766 Nicolaus
3067 2704 3206 2787 ipse
3254 2706 3507 2789 recepit
3552 2716 3620 2770 et
3664 2708 3877 2775 adhuc

356 2834 590 2911 habet3
658 2856 805 2896 nam
877 2855 1023 2897 cum
1068 2855 1194 2895 non
1263 2840 1496 2918 sponte
1560 2833 1930 2912 tradiderit,
1998 2831 2335 2917 postulare
2402 2832 2486 2895 ab
2552 2833 2691 2907 illc,
2755 2857 2834 2898 ne
2891 2836 2958 2898 in
3016 2835 3396 2900 diffidentiae
3448 2842 3876 2924 suspitionem

356 2967 674 3046 caderem,
721 2967 922 3031 nolui.
1013 2967 1201 3039 Quod
1248 2976 1470 3030 autem
1515 2967 1723 3048 iubeS,
1773 2975 1846 3030 ut
1899 2967 2105 3045 illum,
2161 2967 2217 3030 si
2272 2967 2425 3050 quid
2487 2990 2600 3053 pro
2658 2976 2949 3054 tempore
3009 2993 3136 3054 quo
3193 2972 3296 3034 hic
3343 2973 3480 3035 vixi
3534 2973 3871 3056 debeatur,

356 3103 777 3185 interrogem,
826 3103 971 3180 feci,
1020 3123 1245 3165 verum
1291 3103 1346 3164 is
1390 3123 1705 3164 summam
1736 3100 1855 3165 sub
1904 3100 2259 3163 adventum
2305 3111 2714 3164 numeratam
2758 3103 3043 3167 nondum
3074 3104 3486 3189 absumptam
3517 3110 3874 3193 respondit,

361 3235 531 3318 quod
595 3256 733 3299 esse
789 3258 1013 3298 verum
1070 3237 1397 3298 existimo,
1494 3235 1664 3297 Nam
1721 3234 1941 3298 nullus
2001 3240 2104 3297 est
2157 3256 2236 3297 ex
2293 3236 2838 3299 commensalibus
2899 3239 3011 3320 qui
3072 3238 3218 3324 plus
3277 3262 3471 3323 quam
3517 3242 3600 3305 50
3643 3262 3876 3305 aureos

358 3370 707 3453 quotannis
764 3369 1001 3442 solvat,
1064 3371 1290 3454 itaque
1351 3369 1592 3453 viginti
1655 3368 1757 3432 illi
1802 3370 2006 3449 aurei,
2055 3390 2215 3453 quos
2257 3369 2339 3434 ab
2386 3371 2580 3434 initio
2626 3372 2814 3452 solvi,
2874 3372 3010 3437 fere
3057 3395 3170 3437 sex
3215 3377 3531 3438 mensium
3578 3383 3877 3461 sumptus

356 3503 903 3588 complectuntur.
996 3503 1326 3566 Praeterea
1370 3524 1514 3564 cum
1561 3504 1689 3565 iam
1738 3511 2082 3567 coronatos
2128 3503 2209 3566 20
2252 3526 2291 3566 a
2338 3503 2808 3589 Christophoro
2855 3504 3062 3569 Hesso
3094 3509 3440 3591 receperit,
3490 3508 3696 3573 habet
3728 3531 3874 3574 cum

356 3638 681 3724 prioribus
734 3659 967 3700 aureos
1023 3639 1123 3709 54,
1173 3658 1319 3720 quae
1382 3637 1663 3721 pecunia
1718 3658 1834 3722 per
1880 3659 2123 3700 annum
2177 3637 2477 3701 sufficiet.
2567 3641 2629 3701 A
2691 3638 3053 3723 bibliopola
3097 3639 3525 3725 Vuolfgango
3574 3640 3871 3705 Conrado

353 3773 674 3860 superiori
719 3791 937 3834 mense
983 3771 1297 3833 Ianuario
1357 3793 1589 3834 aureos
1636 3774 1924 3857 quinque
1968 3780 2197 3836 mutuo
2244 3774 2491 3857 accepi,
2541 3795 2700 3857 quos
2744 3778 2810 3835 te
2854 3772 3263 3836 redditurum
3309 3773 3669 3859 Isingrinio
3717 3776 3870 3840 dato

354 3906 787 3990 chirographo
835 3927 977 3968 sum
1016 3905 1376 3991 pollicitus.
1470 3908 1784 3971 Promisit
1827 3907 1942 3971 ille
1974 3915 2297 3992 praeterea
2340 3928 2408 3970 se
2442 3905 2716 3992 posthac
2749 3905 2957 3991 plura,
3003 3907 3059 3969 si
3090 3906 3308 3986 velim,
3344 3906 3668 3989 daturum,
3716 3932 3870 3993 qua-

352 4044 620 4123 propter
664 4059 794 4100 non
838 4045 957 4116 est,
1004 4038 1092 4098 mi
1125 4044 1335 4120 pater.
1382 4039 1553 4121 quod
1602 4039 1708 4101 vel
1757 4040 1877 4102 hac
1910 4039 2014 4102 vel
2061 4038 2195 4101 alia
2226 4039 2292 4100 in
2333 4059 2401 4101 re
2435 4060 2582 4101 mea
2613 4060 2840 4102 caussa
2871 4039 2959 4102 sis
2990 4038 3336 4102 sollicitus.
3425 4039 3503 4103 In
3539 4047 3870 4125 postrema

352 4170 634 4254 epistola
689 4170 853 4234 nihil
913 4172 1047 4234 fere
1103 4171 1274 4254 quod
1331 4173 1814 4256 responsionem
1872 4193 2267 4257 magnopere
2322 4172 2657 4255 requirere
2701 4171 3008 4234 videatur
3074 4192 3212 4234 esse
3279 4173 3602 4236 existimo,
3693 4174 3866 4239 Nam

349 4305 644 4368 diuturni
703 4305 831 4368 mei
892 4303 1142 4367 silentii
1200 4325 1433 4368 caussa
1486 4303 1986 4368 tabellariorum
2039 4305 2169 4367 fuit
2226 4304 2520 4387 penuria.
2609 4302 2909 4367 Scabiem
2957 4304 3087 4365 iam
3132 4303 3387 4367 balneis
3433 4304 3691 4388 aliquot
3733 4306 3869 4370 fere

348 4440 609 4502 omnino
635 4439 878 4524 depuli.
906 4438 1427 4504 Constitutiones
1456 4439 1797 4503 illustriss
1832 4440 2176 4524 Principis,
2211 4444 2408 4523 prout
2436 4438 2706 4516 iussisti,
2741 4458 2859 4521 per
2891 4444 3280 4521 praesentem
3312 4439 3618 4502 nuntium
3647 4440 3865 4503 mitto,

352 4571 551 4634 Porro
612 4573 786 4657 quod
844 4573 1083 4636 titulus
1138 4580 1380 4658 praeter
1424 4572 1769 4657 generales
1816 4573 2114 4635 Ducatus
2159 4579 2227 4634 et
2271 4569 2937 4654 Ptochotrophiorum
2983 4570 3492 4634 constitutiones
3539 4574 3738 4635 etiam
3788 4573 3866 4636 de

348 4701 571 4786 Sylvis
626 4705 878 4789 aliquid
934 4706 1307 4790 pollicetur,
1361 4708 1516 4790 quia
1568 4714 1788 4769 tamen
1836 4706 2141 4789 princeps
2187 4725 2282 4783 ea,
2336 4725 2482 4787 quae
2529 4702 2606 4766 de
2651 4703 2734 4764 iis
2779 4703 3142 4764 constituta
3187 4711 3359 4783 sunt,
3407 4704 3708 4789 evulgari
3755 4728 3869 4768 no-

347 4837 477 4901 luit
533 4846 601 4903 et
646 4839 1090 4924 Typographo
1150 4862 1230 4903 ne
1282 4861 1358 4903 ea
1420 4840 1735 4902 venderet
1781 4839 1901 4902 sub
1946 4840 2316 4901 iuramento
2363 4836 2679 4921 precepit,
2726 4834 2874 4897 ideo
2920 4834 3043 4898 hoc
3088 4836 3155 4897 in
3202 4834 3370 4898 libro
3419 4857 3496 4898 ea
3542 4858 3671 4899 non
3714 4845 3869 4901 sunt

348 4968 629 5035 adiecta.
717 4973 1052 5036 Praeterea
1107 4973 1228 5037 hoc
1282 4995 1449 5036 anno
1498 4974 1733 5036 emissa
1797 4978 1896 5034 est
1943 4970 2232 5033 eiusdem
2277 4968 2608 5052 Principis
2653 4966 2730 5029 de
2778 4967 3026 5031 caussis
3071 4967 3671 5032 matrimonialibus
3717 4988 3865 5032 con-

347 5101 629 5180 stitutio,
682 5123 827 5185 quae
877 5110 945 5166 et
987 5104 1131 5187 ipsa
1189 5104 1434 5167 nemini
1493 5103 1707 5168 datur.
1801 5103 2051 5165 Praeter
2104 5102 2223 5164 has
2286 5102 2497 5184 igitur
2554 5107 2759 5185 negat
2813 5101 2983 5165 ullos
3042 5122 3110 5164 se
3179 5100 3425 5165 habere
3491 5101 3865 5166 huiusmodi

346 5236 718 5317 argumenti
764 5235 969 5300 libros
1013 5237 1488 5321 typographuS,
1544 5246 1980 5322 praeterquam
2026 5235 2103 5298 de
2150 5234 2620 5297 ecclesiast-icis
2662 5233 2859 5297 rebus
2905 5235 3426 5308 constitutiones,
3491 5257 3638 5319 quae
3706 5235 3862 5319 quia

346 5365 468 5429 sub
511 5368 689 5452 prelo
736 5369 949 5432 adhuc
994 5377 1166 5449 sunt,
1214 5392 1479 5453 presens
1522 5373 1795 5435 nuntius
1841 5392 1951 5435 eas
1996 5370 2119 5433 tibi
2164 5368 2395 5433 afferre
2443 5391 2571 5432 non
2618 5371 2857 5454 potuit.
2947 5366 3077 5433 Sed
3125 5368 3294 5432 dabo
3342 5390 3627 5454 operam,
3674 5376 3750 5434 ut
3795 5374 3863 5433 et

345 5499 488 5563 haec
543 5508 609 5564 et
666 5502 818 5583 alia,
864 5504 918 5566 si
965 5524 1112 5587 quae
1170 5506 1594 5585 occurrerint,
1654 5507 1946 5590 proxime
2001 5501 2264 5567 habeas,
2355 5501 2516 5567 Cum
2577 5502 2656 5567 D.
2703 5502 3040 5565 Ludovico
3103 5502 3419 5587 Grempio
3465 5523 3675 5586 nuper
3719 5502 3861 5585 egit

4063 5321 4066 5420 *

3134 5723 3514 5730 m——d-
3553 5723 3630 5731 —,
3645 5693 4040 5728 *7———ds
