4914 6782
2689 623 2867 719 ,ἑὲ
2897 714 2972 718 -

1067 824 1136 881 et
1178 819 1433 882 mando.
1521 818 1861 883 Hactenus
1905 819 1986 883 ad
2032 822 2314 905 priorem
2362 821 2731 905 epistolam.
2819 820 2897 883 In
2943 823 3304 906 posteriore
3338 822 3622 907 epistola
3653 823 3819 886 nihil
3853 831 3953 887 est
3984 822 4156 908 quod
4186 845 4590 910 magnopere

1064 954 1553 1037 responsionem
1599 955 1917 1039 requirat.
2005 955 2294 1020 Edoctus
2339 977 2378 1019 a
2422 963 2490 1018 te
2539 954 2616 1018 de
2661 954 2846 1019 libris
2893 954 3151 1017 comitis
3197 954 3381 1018 Petri
3423 975 3462 1017 a
3493 954 3786 1018 Monfort
3817 954 3942 1018 tibi
3974 955 4383 1019 commodato
4416 956 4592 1021 datis

1067 1094 1134 1151 et
1178 1087 1506 1152 Vermodo
1552 1087 1966 1152 mandatario
2010 1088 2305 1169 redditis,
2354 1091 2649 1174 exceptis
2692 1088 2950 1152 Bebelii
3002 1088 3293 1168 faceciis,
3340 1088 3396 1151 si
3460 1088 3606 1172 quis
3667 1092 3878 1151 denuo
3941 1088 4408 1173 interpellarit,
4464 1091 4595 1154 erit

1067 1221 1234 1304 quod
1267 1219 1659 1304 respondere
1691 1220 1951 1304 possim.
2015 1221 2240 1284 Monui
2271 1222 2598 1306 prioribus
2641 1221 2854 1285 literis
2899 1231 2965 1283 te
3011 1220 3212 1284 semel
3244 1226 3445 1304 atque
3485 1221 3722 1283 iterum
3759 1222 3838 1283 de
3871 1221 4181 1305 parandis
4221 1222 4345 1285 tibi
4391 1224 4592 1287 vesti-

1064 1351 1303 1414 mentis
1346 1351 1658 1432 honestiS,
1708 1358 1772 1415 et
1817 1353 1874 1415 si
1920 1373 2052 1436 qua
2095 1354 2399 1436 pecunia,
2446 1362 2522 1417 ut
2569 1353 2768 1417 verbo
2816 1353 3049 1433 dicam,
3097 1354 3163 1416 in
3208 1355 3459 1417 victum
3494 1361 3562 1417 et
3591 1361 3875 1418 stratum
3908 1376 4072 1439 opus
4104 1355 4398 1432 habereS,
4446 1377 4595 1421 eam

1065 1508 1105 1549 a
1158 1485 1525 1570 bibliopola
1583 1484 2284 1578 Isengrinii0debitore
2330 1489 2758 1552 mutuaveris,
2845 1487 2949 1551 Ad
3007 1487 3146 1550 haeo
3194 1508 3339 1549 cum
3393 1487 3557 1550 nihil
3602 1488 4016 1570 responderis
4064 1497 4132 1553 et
4177 1489 4595 1575 Iseugrinius

1065 1618 1230 1681 nihil
1293 1618 1416 1681 sibi
1471 1617 1556 1681 ab
1616 1618 1845 1681 eodem
1888 1618 2254 1703 bibliopola
2308 1622 2625 1704 scriptum
2680 1620 2998 1700 adfirmet,
3045 1627 3281 1682 nactus
3325 1618 3866 1705 Christophorum
3913 1622 4097 1702 HeSS,
4145 1622 4592 1687 Illustrissimi

1064 1751 1395 1837 Principis
1450 1751 1897 1831 secretarium,
1953 1753 2194 1835 viginti
2257 1760 2603 1816 coronatos
2664 1753 3071 1817 Caesarianos
3117 1752 3199 1815 ad
3245 1758 3311 1816 te
3357 1754 3568 1825 mitto,
3634 1776 3796 1837 quos
3840 1754 3942 1817 his
3985 1754 4199 1817 literis
4247 1754 4421 1818 bona
4464 1754 4594 1819 fide

1063 1884 1411 1949 reddendis
1466 1886 1752 1949 inclusos
1815 1887 2131 1949 invenies.
2221 1885 2395 1950 Cura
2455 1885 2902 1950 valetudinem
2948 1893 3150 1965 tuam,
3211 1884 3443 1963 Basili,
3490 1884 3584 1948 fili
3633 1885 4031 1966 charissime,
4095 1888 4280 1951 cuius
4329 1887 4598 1953 tuendae

1066 2038 1267 2080 causa
1305 2018 1701 2102 Hugvaldus
1747 2018 1825 2081 ad
1877 2025 1943 2081 te
1988 2040 2268 2081 massam
2313 2020 2560 2086 mittet.
2608 2040 2687 2082 ex
2732 2019 2968 2102 quibus
3015 2020 3360 2103 catapocia
3391 2019 3561 2099 Rufi,
3595 2030 3670 2083 ut
3702 2021 4066 2105 appellant,
4117 2020 4347 2084 confici
4378 2021 4597 2085 solent

862 534 887 583 ,a

848 680 863 915 l

1064 2150 1570 2236 prophylactica
1617 2158 1684 2214 et
1730 2151 2046 2214 adversus
2084 2157 2334 2235 pestem
2381 2153 2912 2235 praesentissima.
2979 2152 3156 2215 Bene
3204 2152 3372 2232 vale,
3418 2151 3514 2215 fili
3558 2152 3725 2216 bene
3774 2153 4032 2221 dilecte.
4081 2164 4148 2218 et
4181 2154 4259 2217 dc
4295 2156 4598 2220 omnibus

1066 2284 1262 2347 rebus
1307 2287 1438 2348 tuis
1478 2306 1579 2347 me
1627 2285 1922 2369 proximo
1969 2286 2205 2347 nuncio
2254 2286 2596 2347 certiorem
2643 2284 2858 2347 redde.
2946 2284 3230 2366 Basileae
3277 2284 3418 2347 XII
3462 2284 3600 2350 Cal.
3649 2287 3932 2352 Februa.
3979 2288 4195 2367 AnnO,
4245 2308 4437 2371 quem
4469 2288 4597 2354 tibi

1062 2416 1320 2480 felicem
1369 2425 1437 2480 et
1478 2417 1765 2480 faustum
1807 2417 2147 2502 imprecor,
2193 2416 2524 2479 MDLIII.
2615 2416 2853 2480 Omnes
2897 2419 3106 2480 nostri
3156 2427 3223 2481 te
3269 2416 3584 2483 salutant.

857 2472 862 2721 Ι
3052 2552 3515 2617 Bonifacius
3564 2554 4168 2627 Amor-bachius,

858 2730 859 2755 ¹
3366 2690 3523 2748 tuus
3571 2685 3836 2749 Parens.

858 2786 861 2819 ἱ
1313 2819 1540 2895 Basili,
1586 2842 1667 2883 ne
1716 2821 1779 2883 in
1829 2820 2212 2883 diffidentiae
2253 2817 2681 2902 suspitionem
2729 2815 3047 2895 caderem,
3097 2814 3565 2900 Christophoro
3596 2816 3782 2895 HeSS,
3831 2816 4165 2901 Principis
4197 2814 4599 2879 Secretario

857 2836 864 3007 ὓ
1063 2953 1176 3035 qui
1236 2952 1343 3015 hic
1400 2974 1651 3015 annuos
1703 2951 1955 3016 reditus
2007 2953 2223 3024 solvit,
2268 2951 2610 3013 numeravi
2657 2949 2899 3033 viginti
2948 2956 3295 3012 coronatos
3341 2948 3767 3025 Caesarianos,
3815 2970 3854 3012 a
3900 2972 4028 3033 quo
4076 2961 4262 3034 petes
4308 2957 4376 3014 et
4426 2954 4598 3014 acci-

856 3026 865 3249 i
1064 3086 1227 3170 pieS.
1315 3084 1476 3148 Haec
1522 3104 1793 3164 summa,
1842 3105 1987 3167 quae
2036 3094 2136 3146 est
2181 3083 2460 3167 triginta
2507 3103 2854 3144 aureorum
2901 3080 3079 3165 (nam
3135 3080 3274 3143 bini
3338 3083 3634 3144 coronati
3690 3104 3948 3165 semper
3994 3092 4127 3145 tres
4173 3103 4411 3145 aureos
4454 3082 4598 3145 sive

858 3254 865 3261 ·
1065 3202 1332 3282 florinos
1376 3220 1443 3281 in
1488 3226 1756 3282 moneta
1790 3219 2239 3291 constituunt),
2283 3218 2338 3280 si
2370 3238 2498 3279 non
2530 3214 2832 3293 sufficiat,
2870 3236 2998 3277 non
3032 3213 3257 3277 obstat
3289 3216 3634 3298 quominus
3668 3226 3734 3278 et
3768 3215 3934 3299 plus»,
3984 3224 4301 3299 quantum
4332 3214 4596 3295 sufficit,

1066 3374 1106 3415 a
1148 3351 1517 3437 bibliopola
1560 3357 1789 3415 mutuo
1837 3350 2127 3435 accipias
2172 3348 2327 3413 dato
2376 3348 2833 3434 chirographO,
2883 3347 3053 3432 quod
3101 3348 3297 3413 simul
3342 3358 3542 3434 atque
3575 3349 3984 3434 Isengrinius
4013 3349 4171 3413 mihi
4202 3349 4598 3422 exhibuerit,

1068 3486 1280 3551 eidem
1336 3486 1758 3550 satisfaciam.
1857 3483 1986 3549 Sed
2044 3492 2112 3547 et
2165 3486 2220 3547 si
2277 3493 2649 3568 praeceptor
2703 3490 2856 3546 tuus
2912 3505 3028 3567 pro
3091 3484 3271 3546 victu
3331 3483 3583 3567 aliquid
3639 3491 3847 3568 petat,
3903 3493 4022 3547 aut
4067 3485 4420 3567 quicquam
4465 3482 4597 3546 sibi

1065 3641 1180 3704 pro
1236 3625 1551 3703 tempore,
1612 3640 1739 3702 quo
1793 3619 1943 3682 istic
1991 3619 2238 3697 vixisti,
2289 3617 2549 3689 debeas,
2599 3617 2768 3701 quod
2815 3640 3068 3681 summa
3111 3617 3232 3682 sub
3275 3618 3630 3683 adventum
3678 3627 3863 3682 tuum
3909 3627 4252 3684 numerata
4294 3619 4425 3680 iam
4469 3617 4596 3680 for-

1064 3753 1262 3815 tassis
1304 3752 1655 3836 absumpta
1700 3753 1807 3831 sit,
1856 3753 1912 3815 si
1961 3757 2221 3814 tantum
2269 3773 2307 3814 a
2352 3750 2720 3836 bibliopola
2763 3752 3007 3816 habere
3055 3775 3181 3815 non
3229 3763 3435 3838 potes,
3482 3754 3586 3816 fac
3629 3756 3839 3838 prima
3884 3752 4213 3817 scribendi
4247 3754 4594 3816 occasione

1066 3888 1294 3951 oblata
1340 3887 1712 3966 admonear,
1780 3895 1853 3950 ut
1899 3886 2067 3950 bono
2128 3886 2268 3949 viro
2316 3886 2612 3949 debitum
2658 3887 2725 3949 in
2774 3892 3068 3971 tempore
3114 3887 3388 3969 solvam,
3436 3895 3637 3971 atque
3678 3888 3841 3950 adeo
3887 3910 4004 3951 nos
4041 3889 4108 3950 in
4154 3887 4344 3950 bonis
4386 3887 4594 3949 nomi-

862 4041 865 4064 .

1064 4020 1260 4083 nibus
1288 4021 1721 4083 inveniamur.
1814 4018 1985 4084 Cura
2031 4019 2498 4098 valetudinem,
2545 4018 2639 4082 fili
2681 4020 2790 4096 mi,
2837 4028 2905 4083 et
2950 4020 3153 4084 bonas
3198 4021 3390 4084 horas
3434 4020 3600 4083 bene
3650 4022 3925 4084 colloca.

2302 4833 2442 4898 (cod.
2484 4834 2746 4888 Basiliens
2790 4837 2850 4888 G.
2887 4834 2958 4887 II.
2995 4836 3074 4888 14.
3110 4836 3193 4888 fol.
3240 4837 3373 4890 179.)

1262 4982 1532 5053 Basilio
1585 4980 2059 5066 AmerbachiO,
2116 4982 2273 5051 luri
2330 4981 2528 5051 Civili
2582 5003 2857 5071 operam
2911 4982 2979 5051 in
3031 4982 3410 5052 Academia
3467 4981 3868 5069 Tabite-,qemi
3921 4981 4222 5068 namn-ti,
4277 4980 4419 5068 filio

1447 5131 1863 5203 charissimo.
1973 5130 2288 5220 Robinyae
2341 5131 2527 5221 apud
2582 5130 3056 5201 Clarissimum
3110 5132 3175 5200 d.
3230 5130 3596 5201 Nicolaum
3663 5131 4187 5202 Varnbeelerzcm.

2678 5279 2968 5293 §QN*‹*JJR'N-

2685 4511 2949 4577 XVIII.

1948 4670 2415 4753 Bonifacius
2482 4670 3078 4752 Amerbachius
3144 4669 3451 4752 Basilio
3517 4669 3707 4750 filio.

860 5227 866 5302 Ι

859 5339 865 5480 Ξ
1314 5369 1379 5435 S.
1425 5371 1499 5435 P.
1571 5371 1880 5456 Accipies
1922 5370 2320 5457 propediem,
2354 5369 2582 5446 Basili,
2629 5389 2774 5431 cum
2806 5368 3122 5432 fasciculo
3157 5369 3531 5432 Literarum
3564 5367 3647 5430 ad
3679 5375 3765 5446 te,
3814 5376 4158 5431 coronatos
4190 5368 4588 5431 caesarianos

859 5555 875 5682 [
1064 5503 1307 5587 viginti
1351 5504 1732 5586 (aestimatio
1779 5503 2058 5588 triginta
2102 5502 2503 5567 florenorum
2548 5507 2648 5564 est
2692 5501 2759 5563 in
2791 5502 3083 5568 moneta)
3129 5522 3289 5584 quos
3318 5500 3510 5564 hodie
3565 5522 3752 5564 mane
3800 5502 3857 5567 d.
3894 5501 4364 5586 Christophoro
4396 5499 4583 5570 Hess,

4761 5645 4780 5688 μ’

1286 5724 2131 5732 ῥ-ῄ--ῃ-,Ψῃ
2148 5727 2183 5731 --
2208 5726 2271 5732 Ψ*
2298 5724 4350 5731 ,ffl-a———ffi—
4369 5693 4760 5728 ——ds
