4914 6782
349 998 469 1061 duo
531 998 742 1062 solum
812 1018 1020 1081 eaque
1074 1002 1361 1081 angusta
1414 995 1638 1059 habet.
1740 995 2079 1060 Postremo
2128 1000 2202 1059 ut
2245 995 2408 1059 alibi
2463 996 2585 1058 sim
2628 996 3019 1079 praeceptori
3067 993 3466 1059 commodius
3519 999 3648 1067 est;
3712 1016 3862 1058 nam

348 1130 720 1195 cubiculum
762 1131 954 1196 libris
999 1138 1153 1195 ante
1199 1135 1303 1209 (ut
1345 1129 1571 1212 audio)
1613 1128 2017 1214 oppleverat,
2062 1135 2137 1193 ut
2179 1128 2345 1192 nihil
2389 1129 2592 1214 spatii
2636 1128 2962 1212 reliquum
2994 1133 3184 1209 esset,
3237 1127 3409 1211 quod
3453 1148 3600 1191 mea
3630 1148 3862 1192 caussa

344 1270 578 1352 postea
618 1288 749 1329 non
793 1266 988 1329 licuit
1030 1265 1268 1328 facere.
1356 1263 1545 1327 Libri
1586 1263 1715 1327 mei
1760 1269 1915 1327 ante
1961 1261 2403 1326 hebdomadas
2447 1268 2582 1326 tres
2627 1261 2821 1325 allati
2866 1266 3039 1343 sunt,
3087 1283 3203 1347 pro
3236 1261 3474 1346 quibus
3503 1261 3686 1325 illico
3719 1280 3865 1346 pre·

342 1398 515 1461 cium
564 1405 856 1464 vecturae
889 1406 957 1464 et
987 1400 1243 1483 reliqua
1275 1419 1421 1482 quae
1469 1397 1806 1479 debebam,
1854 1397 2158 1460 nimirum
2199 1397 2511 1482 vectigal,
2557 1396 2745 1459 solvi.
2819 1397 2989 1460 Bene
3033 1396 3206 1478 vale,
3239 1403 3431 1482 pater
3463 1396 3862 1475 charissime,

338 1531 662 1597 familiam
695 1540 764 1596 et
789 1532 870 1595 D.
897 1532 939 1596 J
944 1531 1221 1596 acobum
1248 1531 1615 1594 Parochum
1641 1552 1783 1595 meo
1810 1532 2067 1593 nomine
2096 1530 2335 1594 saluta.
2403 1528 2746 1613 Tubingae.
2793 1528 2901 1591 111
2927 1528 3096 1593 Non.
3122 1530 3430 1594 Decemb.
3456 1532 3652 1594 Anno
3683 1531 3861 1595 1552.

2010 1660 2607 1727 Obedientissimus
2652 1660 2828 1725 filius
2866 1665 3041 1729 Bas.
3090 1664 3695 1731 Amerbachhm.

1858 1870 2345 1885 JwNaeaeN-·saeaeaeaem

2007 2034 2205 2101 XIII.

1201 2178 1550 2262 Basilius
1620 2179 2205 2260 Amerbachius
2269 2176 2698 2259 Bonifacio
2763 2178 3002 2287 patri.

1668 2340 1803 2407 (cod
1844 2341 2104 2395 Basiliens
2151 2339 2207 2393 G.
2252 2340 2294 2393 Ι.
2334 2341 2375 2395 s.
2420 2339 2500 2392 fol.
2542 2342 2614 2401 s.)

487 2461 934 2533 celeberrimo
985 2463 1477 2533 Imiscomulto
1530 2462 1625 2531 D.
1679 2461 2038 2547 Bonifatio
2090 2461 2566 2549 Amerbach‘iO,
2607 2462 2889 2551 parenti
2941 2461 3359 2546 charissime,
3414 2462 3735 2532 BasiIeOE.

595 2736 661 2802 S.
699 2737 767 2799 P.
815 2736 1152 2800 Hodierna
1194 2735 1297 2799 die
1344 2737 1604 2799 omnino
1637 2735 1813 2807 mihi,
1850 2698 2021 2818 qtiod
2069 2736 2331 2817 dicitur,
2382 2736 2620 2799 Petrus
2664 2736 2937 2800 nuntius
2981 2736 3096 2800 ille
3143 2738 3310 2816 θεὸς
3358 2739 3494 2801 cinci
3537 2746 3863 2824 μηχανῆς

340 2873 526 2935 visus
582 2877 701 2934 est.
766 2870 1224 2954 Praeterquam
1271 2870 1443 2932 enim
1489 2868 1660 2953 quod
1702 2869 1934 2933 literas
1979 2875 2147 2945 tuas,
2203 2870 2440 2953 quibus
2482 2870 2642 2934 mihi
2689 2871 2950 2936 dulcius
2994 2873 3376 2957 contingere
3422 2872 3588 2936 nihil
3633 2880 3869 2958 potest,

341 3004 601 3083 attulit,
661 3005 864 3068 etiam
909 3005 987 3067 de
1035 3001 1421 3067 valetudine
1468 3008 1586 3065 tua
1625 3008 1825 3086 atque
1872 3001 2141 3064 familiae
2189 3002 2534 3066 certiorem
2579 3004 2759 3079 fecit,
2815 3011 2957 3068 tum
3002 3006 3220 3087 etiam,
3269 3007 3442 3089 quod
3487 3007 3701 3101 minus
3747 3028 3867 3071 sae-

339 3139 507 3213 viat,
565 3160 761 3222 quam
824 3137 1025 3222 vulgo
1070 3136 1178 3200 hic
1228 3136 1465 3210 ferunt,
1526 3136 1927 3221 pestilentia,
1985 3136 2329 3201 indicavit.
2415 3137 2679 3202 Attulit
2723 3145 3047 3223 praeterea
3087 3146 3315 3204 contra
3361 3108 3612 3204 Parcas
3656 3141 3868 3205 Datas

343 3272 563 3339 Curiae
617 3272 935 3336 Romanae
990 3270 1286 3334 Molinaei
1340 3269 1900 3349 commentarium,
1962 3289 2152 3352 quem
2200 3291 2330 3332 una
2374 3291 2520 3334 cum
2565 3270 2794 3345 literia
2854 3276 2930 3335 ut
2971 3272 3241 3353 iussisti,
3306 3274 3695 3358 praeceptori
3739 3280 3869 3337 tra-

344 3406 501 3470 didi.
588 3406 658 3471 Is
688 3405 815 3469 tibi
846 3426 964 3490 pro
996 3426 1072 3469 eo
1114 3406 1369 3489 gratias
1412 3404 1575 3488 agit,
1623 3408 1692 3467 et
1730 3403 1967 3484 literis,
2014 3404 2082 3466 ni
2125 3402 2342 3486 fallar,
2376 3405 2756 3470 testabitur.
2846 3405 2945 3470 De
2977 3406 3215 3471 studiis
3246 3415 3447 3491 atque
3479 3408 3867 3473 valetudine

342 3562 493 3605 mea
536 3541 915 3626 plenissime
969 3541 1099 3604 iam
1146 3540 1696 3625 perscripseram3
1742 3559 1889 3600 nam
1937 3536 2017 3599 D.
2062 3536 2262 3603 Henr.
2310 3536 2676 3603 Hecklinus
2718 3559 2857 3602 sese
2903 3560 3021 3624 per
3063 3541 3366 3604 nuntium
3410 3544 3629 3605 nescio
3675 3564 3868 3625 quem

343 3677 695 3740 missurum
743 3673 1082 3759 pollicitus
1127 3678 1272 3736 erat
1330 3671 1562 3736 literas
1606 3692 1807 3748 meas,
1851 3691 2079 3734 verum
2127 3677 2202 3734 ut
2244 3670 2454 3745 vide0,
2502 3672 2871 3735 antevertit
2912 3694 3014 3736 me
3069 3673 3462 3738 tabellarius
3500 3674 3636 3756 ille,
3695 3675 3867 3758 quod

343 3828 478 3870 non
523 3807 872 3871 admodum
916 3805 1191 3870 moleste
1231 3806 1388 3880 fero,
1434 3826 1581 3869 cum
1625 3804 1758 3868 iam
1803 3803 2001 3888 longe
2048 3801 2570 3885 commodiorem,
2615 3805 2729 3888 qui
2784 3810 2854 3868 et
2896 3806 3109 3870 tutius
3153 3813 3222 3870 et
3265 3807 3546 3871 celerius
3589 3808 3869 3892 adferat,

345 3947 583 4005 nactus
664 3941 805 4006 sim.
916 3939 995 4003 In
1063 3939 1146 4002 iis
1221 3960 1378 4023 ergo
1464 3937 1542 4002 de
1625 3936 2016 4001 habitudine
2092 3937 2379 4021 corporis
2441 3937 2572 4001 mei
2638 3938 2876 4003 studiis
2939 3940 3217 4023 aliisque
3279 3939 3476 4004 rebus
3540 3940 3869 4005 fusissime

347 4074 600 4159 scripsi,
660 4093 827 4156 quae‚
872 4092 954 4134 ne
1014 4070 1413 4135 cantilenam
1473 4068 1746 4134 eandem
1791 4090 2039 4143 canam,
2093 4070 2225 4133 iam
2269 4075 2612 4154 praetereo.
2699 4070 2893 4146 Quod
2934 4075 3005 4137 in
3051 4077 3348 4137 extrema
3393 4073 3691 4158 epistolae
3735 4081 3870 4139 tuae

346 4211 540 4291 parte
585 4205 662 4269 de
707 4204 897 4268 libris
939 4203 1331 4287 quibusdam
1373 4202 1626 4284 scribiS,
1671 4204 1871 4267 miror
1916 4224 2287 4288 quenquam
2329 4225 2495 4282 esse,
2541 4206 2654 4289 qui
2700 4227 2741 4269 a
2780 4226 2882 4270 me
2923 4212 3149 4290 petere
3183 4204 3354 4269 tales
3400 4203 3671 4278 audeat:
3717 4229 3869 4272 nam

350 4359 567 4403 comes
608 4338 724 4402 ille
770 4339 1014 4402 Petrus
1062 4338 1142 4402 de
1175 4337 1487 4416 Monfort‚
1533 4358 1679 4402 cum
1732 4338 2004 4402 Basileae
2050 4345 2207 4402 ante
2252 4359 2494 4402 annum
2539 4338 2871 4404 studiosus
2915 4346 3106 4419 esset,
3151 4340 3562 4405 commodato
3608 4339 3871 4424 quidem

350 4470 536 4535 dedit
591 4471 751 4535 mihi
811 4470 1277 4535 Astrolabium
1335 4470 1621 4547 Stofleri‚
1686 4493 1875 4555 quem
1934 4478 2158 4536 tamen
2212 4477 2366 4536 ante
2420 4493 2677 4537 menses
2736 4472 2887 4557 plus
2950 4471 3174 4536 decem
3228 4472 3558 4538 Vermodo
3615 4474 3872 4539 reddidi

347 4605 609 4670 librum.
695 4604 1066 4671 Vermodus
1132 4606 1305 4669 enim
1365 4607 1527 4684 eius,
1584 4604 1735 4668 dum
1793 4605 1901 4668 hic
1946 4613 2139 4684 esset,
2183 4605 2748 4680 familiarissimus,
2795 4605 2983 4690 quasi
3027 4613 3418 4691 procurator
3460 4608 3529 4670 in
3574 4607 3874 4673 omnibus

348 4739 507 4820 fere,
555 4738 709 4802 dum
746 4738 856 4802 hic
900 4744 1151 4823 ageret,
1195 4738 1325 4802 fuit
1366 4738 1674 4822 negotiis.
1739 4737 2050 4802 Alterum
2082 4759 2340 4822 quoque
2373 4737 2459 4801 ab
2489 4739 2632 4824 ipso
2664 4738 2910 4823 accepi,
2949 4738 3255 4802 nimirum
3286 4738 3546 4803 Bebelii
3575 4740 3872 4822 facetias,

352 4873 669 4958 exiguum
724 4871 1065 4954 libellum,
1127 4892 1320 4956 quem
1378 4893 1507 4935 uno
1552 4877 1672 4935 aut
1716 4870 1928 4935 altero
1975 4891 2121 4935 asse
2168 4892 2547 4957 comparare
2596 4871 2743 4955 quis
2788 4876 3027 4956 potest.
3113 4870 3284 4936 Eum
3331 4892 3478 4935 cum
3521 4874 3877 4937 restituere

352 5004 530 5069 dicto
577 5003 910 5070 Vermodo
969 5005 1270 5090 (prop-ter
1335 5004 1702 5068 absentiam
1763 5005 2039 5071 Comitis
2098 5005 2307 5091 illius)
2362 5004 2633 5080 vellem,
2691 5006 2934 5080 renuit,
2996 5005 3243 5070 addens
3302 5026 3451 5070 eum
3517 5006 3684 5069 talia
3746 5028 3875 5070 non

355 5156 607 5200 curare.
680 5136 855 5200 Eum
883 5135 1188 5199 libellum
1212 5137 1389 5200 inter
1418 5157 1598 5200 meos
1640 5137 1955 5200 invenies.
2029 5135 2154 5200 Est
2183 5136 2462 5221 pessime
2495 5157 2535 5199 a
2568 5135 2861 5200 studioso
2899 5135 3180 5220 quodam
3208 5137 3280 5200 in
3309 5134 3607 5221 Collegio
3638 5135 3867 5223 Augu·

354 5267 639 5331 stiniano
684 5267 1033 5332 habitante
1080 5273 1480 5353 compactus,
1525 5268 1594 5330 in
1654 5268 2034 5333 membrana
2079 5269 2417 5344 vilissima,
2461 5270 2818 5354 impressus
2869 5268 3211 5355 Tubingae,
3256 5269 3312 5333 si
3357 5276 3538 5333 recte
3583 5272 3871 5351 memini,

353 5400 422 5464 in
467 5407 707 5466 octava
748 5404 974 5478 forma,
1025 5407 1101 5465 ut
1145 5408 1406 5482 vocant,
1451 5401 1656 5466 habet
1698 5402 1861 5466 folia
1904 5402 2179 5466 fortasse
2225 5401 2470 5468 decem.
2552 5403 2908 5490 Inscriptio
2953 5405 3110 5469 talis
3154 5410 3286 5468 est:
3334 5404 3627 5468 Facetiae
3671 5404 3873 5468 Henr.

356 5533 638 5600 Bebelii.
684 5537 945 5602 Reddes
985 5538 1212 5623 igitur,
1244 5537 1334 5600 mi
1364 5542 1575 5622 pater,
1609 5535 1950 5621 egregium
1982 5534 2050 5598 id
2080 5535 2405 5614 volumen,
2434 5537 2490 5600 si
2524 5538 2814 5622 petierit.
2863 5536 2994 5602 Cur
3025 5537 3197 5601 enim
3227 5558 3358 5600 non
3394 5538 3491 5602 ita
3522 5538 3872 5623 appellem,

164 5683 575 5762 Q—

162 544 1391 598 fV———Q———ss
1417 538 3638 552 Μ*

2063 661 2141 724 27
2236 750 2245 756 .

346 886 498 929 vum
544 870 722 929 certe
763 869 1026 948 tempus
1069 861 1193 927 hoc
1239 861 1610 926 faciendum
1656 867 1821 925 erat.
1910 861 2082 925 Nam
2128 860 2355 925 domus
2394 860 2533 935 illa,
2579 880 2726 944 quae
2770 861 2902 924 iam
2934 861 2995 924 ei
3026 859 3250 923 locata
3282 856 3401 941 est,
3448 859 3861 945 hypocausta
