4914 6782
230 507 622 529 f—————
648 505 3210 517 *mm——

404 853 684 936 pecunia
724 849 912 913 nobis
955 848 1254 912 inimicos
1299 869 1629 933 paramus.
1691 847 2213 915 Excusationem
2257 849 2479 930 habeS,
2527 849 2778 914 nullam
2822 856 2888 914 te
2936 849 3282 935 pecuniam
3311 847 3575 928 habere,
3626 847 3734 911 vel
3781 868 3925 913 eam

409 1004 449 1045 a
496 988 902 1066 praeceptore
944 980 1305 1060 adservari,
1353 1001 1393 1043 a
1439 1001 1567 1065 quo
1615 981 1745 1044 nisi
1812 983 1879 1044 in
1926 1004 2081 1047 usus
2143 984 2543 1047 necessarios
2607 990 2832 1068 petere
2898 1006 3028 1047 non
3071 984 3251 1048 ausis
3283 1031 3297 1046 .
3333 981 3524 1056 Quod
3570 983 3648 1047 de
3692 990 3922 1046 mutuo

404 1117 613 1198 audis,
667 1116 733 1180 id
778 1117 847 1180 in
914 1115 1447 1181 fideiussionibus
1492 1136 1748 1199 quoque
1796 1114 2137 1197 exaudias,
2183 1137 2430 1202 nempe,
2492 1137 2574 1180 ne
2618 1114 2811 1179 fidem
2857 1120 3039 1179 tuam
3085 1137 3202 1200 pro
3248 1116 3380 1179 alio
3425 1115 3622 1179 facile
3669 1121 3787 1178 aut
3833 1121 3925 1177 te-

400 1271 577 1314 mere
623 1249 1072 1315 obstrinxeriS.
1163 1249 1380 1314 Vetus
1424 1250 1698 1314 verbum
1746 1250 1996 1313 habet:
2030 1247 2313 1341 Sppnde,
2371 1271 2543 1312 noxa
2598 1254 2840 1333 praesto
2901 1253 3018 1312 est.
3089 1248 3300 1313 Uxori
3346 1246 3774 1332 praeceptoris
3818 1245 3920 1308 tui

406 1384 844 1469 (quia‘nuper
888 1384 1255 1465 exciderat)
1304 1383 1617 1448 ducatum
1681 1383 2077 1447 Lusitanum
2143 1382 2244 1446 his
2308 1381 2522 1446 literis
2588 1381 2914 1445 inclusum
2966 1380 3141 1444 dono
3187 1379 3375 1443 dabis
3418 1379 3595 1442 xenii
3639 1378 3921 1458 nomine,

399 1538 633 1601 meque
681 1516 890 1581 eidem
935 1524 1317 1581 reverenter
1361 1515 1865 1582 commendabis,
1952 1516 2385 1600 Horologium
2432 1516 2806 1578 arenarium
2848 1515 3146 1580 fortassis
3191 1536 3383 1599 quam
3432 1515 3678 1599 optime
3725 1513 3924 1576 collo·

400 1651 586 1731 cariS,
633 1617 687 1714 si
732 1650 1123 1735 praeceptori
1167 1656 1432 1735 gratum
1476 1649 1613 1712 fore
1657 1649 2067 1713 intellexeris
2112 1697 2126 1710 .
2172 1649 2299 1712 Hic
2345 1647 2479 1712 alia
2525 1647 2754 1712 haberi
2798 1652 3129 1732 poterunt.
3219 1646 3420 1709 Proin
3462 1650 3736 1729 rogatus
3779 1665 3920 1707 sum

400 1805 439 1846 a
483 1781 790 1847 Sultzero
839 1783 1241 1867 quorundam
1290 1782 1936 1867 Sanctogallensium
1980 1784 2240 1847 nomine
2303 1784 2475 1847 istuc
2538 1781 2669 1845 iter
2710 1780 3229 1860 instituentium,
3277 1785 3352 1843 ut
3381 1800 3486 1843 res
3517 1799 3775 1862 quoque
3820 1780 3923 1862 ip-

398 1938 614 1981 sorum
655 1919 723 1980 in
769 1939 886 1981 vas
929 1924 1116 1981 tuum
1158 1916 1408 1980 includi
1476 1919 1596 1981 sim
1659 1939 1920 2002 passus:
1971 1917 2138 1983 unde
2201 1926 2581 2003 sumptuum
2635 1923 2925 1983 vecturae
2972 1923 3039 1980 et
3083 1898 3542 1999 impensarum,
3587 1934 3750 1997 quas
3793 1911 3917 1976 tibi

307 2072 310 2075 ·
400 2049 908 2134 Christophorus
952 2048 1438 2134 RiedlingeruS,
1487 2049 1811 2134 Hervagii
1873 2049 2162 2131 institor,
2210 2049 2596 2135 designarit,
2655 2052 2783 2136 ipsi
2842 2050 3006 2114 duas
3051 2057 3276 2135 partes
3319 2049 3604 2120 solvant,
3644 2052 3719 2110 tu
3765 2068 3919 2109 vero

397 2186 662 2247 tertiam
709 2183 1065 2268 persolvam,
1111 2204 1260 2245 nam
1305 2183 1431 2268 ipsi
1477 2182 1580 2246 bis
1623 2188 1883 2246 tantum
1928 2184 1995 2245 in
2040 2205 2196 2248 vase
2241 2182 2508 2264 habent,
2555 2190 2631 2248 ut
2675 2184 3030 2248 aestimavit
3075 2182 3312 2246 Petrus
3338 2187 3730 2265 compactor.
3778 2180 3918 2244 Vas

397 2345 617 2397 autem
663 2335 1000 2419 signatum
1066 2334 1353 2417 accipies
1413 2332 1735 2419 Hervagii
1802 2333 1990 2418 signo
2037 2332 2158 2397 tali
2212 2283 2445 2437 ι-]Ιᾊ[-ι;
2496 2332 2665 2416 quod
2715 2332 2844 2396 alio
2893 2331 3165 2395 consilio
3211 2330 3541 2394 adiectum
3609 2351 3738 2394 non
3799 2335 3918 2409 est,

397 2490 591 2551 quam
637 2473 716 2530 ut
760 2489 799 2529 a
846 2465 1311 2550 Christophoro
1358 2467 1798 2552 Argentorati
1845 2466 2142 2550 agnitum
2191 2466 2331 2530 eius
2382 2469 2553 2531 istuc
2611 2465 3101 2529 transmittendi
3149 2464 3644 2549 diligentiorem
3690 2484 3913 2526 curam

396 2599 761 2663 adhiberet.
851 2597 1023 2662 Cura
1070 2598 1537 2676 valetudinem,
1584 2600 1679 2663 fili
1725 2601 1812 2663 mi
1857 2600 2066 2663 Basili
2112 2600 2510 2680 charissime,
2557 2607 2623 2664 et
2665 2621 2921 2684 semper
2967 2606 3034 2662 et
3088 2610 3406 2684 perpetuo
3462 2598 3614 2662 vive
3647 2604 3714 2662 et
3747 2597 3915 2663 vale.

399 2734 479 2798 D.
526 2733 839 2797 Ulrichus
885 2754 1028 2796 cuin
1075 2733 1415 2813 Faustina,
1463 2734 1503 2797 J
1513 2734 1734 2797 uliana
1781 2742 1847 2798 et
1894 2740 2038 2797 tota
2082 2735 2333 2798 familia
2379 2742 2446 2798 te
2494 2735 2848 2819 plurimum
2891 2733 3146 2798 salvere
3191 2733 3440 2797 iubent.
3485 2710 3790 2797 'Basileae
3833 2731 3918 2797 V.

403 2866 573 2930 Non.
621 2864 893 2930 Octobr.
940 2868 1134 2930 Anno
1208 2867 1291 2932 M.
1365 2867 1446 2931 D.
1524 2866 1673 2929 LII.
1742 2866 2151 2953 Isengrinius
2207 2866 2613 2952 Vulffgango
2686 2865 2987 2931 Conrado
3056 2865 3476 2931 Schweicher
3538 2865 3919 2950 bibliopolae

399 2999 630 3063 scribit
692 2999 769 3062 de
837 3001 1117 3084 pecunia
1182 3001 1235 3063 si
1304 3022 1434 3085 qua.
1482 2978 1854 3084 'aliquando
1920 2999 2286 3084 indigueris
2329 3000 2455 3064 tibi
2501 2999 2943 3065 numeranda.
2980 2998 3154 3073 Quid
3214 3000 3509 3085 responsi
3563 3000 3913 3084 acceperis.

404 3135 698 3218 proximo
748 3134 985 3197 nuncio
1035 3132 1406 3218 significato
1438 3185 1449 3197 .
1477 3133 1852 3199 Clarissimo
1898 3132 2158 3197 domino
2205 3134 2492 3197 Fuchsio
2558 3138 2625 3197 et
2692 3133 2992 3198 omnibus
3033 3134 3164 3197 mei
3209 3133 3522 3197 studiosis
3567 3134 3915 3218 plurimam

396 3288 539 3329 meo
584 3267 844 3330 nomine
890 3266 1195 3331 salutem.

2390 3404 2853 3469 Bonifacius
2900 3402 3503 3480 Amerbachius‚

2713 3519 2870 3574 tuus
2913 3530 3168 3594 parens.

612 3883 868 3980 ‘Celius
913 3884 1052 3947 heri
1100 3884 1492 3956 admonitus,
1538 3874 1731 3948 hodie
1786 3905 1974 3948 mane
2021 3905 2087 3948 se
2144 3885 2374 3948 literas
2432 3905 2584 3947 suas
2629 3885 2974 3948 missurum
3050 3885 3320 3969 recepit,
3381 3885 3512 3965 sed,
3585 3892 3656 3948 ut
3702 3884 3914 3964 vide0,

391 4017 672 4081 nuncius
719 4016 907 4081 abitu
954 4039 1069 4080 suo
1118 4038 1263 4081 eum
1311 4022 1707 4081 antevertet.

641 4149 867 4228 Basili,
914 4149 1010 4213 fili
1055 4151 1144 4213 mi
1176 4198 1190 4231 ,
1226 4148 1396 4234 quod
1443 4149 1582 4213 heri
1615 4149 1953 4214 exciderat
1984 4199 1999 4231 ,
2034 4149 2310 4214 observa
2341 4149 2699 4234 diligenter
2731 4149 3267 4213 consuetudinem
3301 4149 3526 4213 domus
3558 4159 3915 4234 praecepto·

391 4282 482 4346 ris
526 4283 627 4346 tui
674 4287 742 4346 et
789 4283 999 4346 eidem
1045 4289 1112 4346 te
1161 4282 1625 4364 accommoda,
1662 4290 1729 4347 et
1777 4284 1948 4368 quod
1995 4285 2078 4348 ab
2119 4285 2267 4350 aliis
2313 4283 2804 4348 convictoribus
2852 4287 2958 4369 (ut
3002 4285 3195 4349 audio
3241 4291 3718 4370 praeceptorem
3780 4291 3915 4347 tres

393 4416 558 4480 alios
600 4415 874 4498 habere)
938 4415 1080 4480 fieri
1129 4416 1361 4496 solea-t,
1452 4415 1737 4500 exempli
1786 4436 2004 4495 causa,
2072 4417 2129 4480 si
2195 4416 2313 4480 alii
2359 4422 2769 4484 convictores
2824 4440 2946 4483 sua
3001 4418 3176 4482 linea
3238 4418 3585 4482 lotricibus
3631 4417 3915 4502 publicis

391 4552 679 4616 lavanda
723 4552 944 4616 locare
991 4553 1266 4633 soleant,
1317 4559 1390 4615 tu
1436 4551 1608 4614 idem
1654 4550 1875 4626 facitO,
1918 4573 2000 4615 ne
2050 4574 2213 4614 uxor
2256 4561 2374 4617 aut
2417 4553 2671 4617 familia
2717 4552 3141 4638 praeceptoris
3187 4551 3336 4636 plus
3380 4552 3448 4614 in
3494 4558 3561 4614 te
3606 4573 3800 4635 quam
3845 4553 3914 4614 in

392 4687 541 4749 aliis
586 4692 915 4749 oneretur.
1004 4685 1191 4749 Idem
1235 4686 1447 4749 sentio
1495 4683 1571 4747 de
1619 4683 1910 4768 reliquis.
1979 4681 2309 4746 Scrinium
2355 4683 2481 4747 tibi
2529 4685 2795 4770 parabis
2839 4691 2959 4748 aut
3003 4705 3222 4748 arcam
3269 4706 3413 4748 sera
3458 4686 3797 4765 munitam,
3847 4686 3911 4748 in

393 4827 526 4903 qua'
566 4840 671 4882 res
715 4825 866 4883 tuas
911 4839 1227 4903 reponere
1272 4825 1482 4903 potes.

638 4951 973 5017 Elenchus
1018 4950 1333 5014 librorum
1372 4958 1447 5016 et
1493 4952 1781 5015 omnium
1825 4954 1893 5015 in
1938 4973 2094 5016 vase
2142 4952 2225 5016 ad
2269 4959 2337 5016 te
2384 4953 2880 5037 pertinentium.

392 5084 641 5169 Corpus
682 5083 857 5148 Iuris
903 5084 1135 5150 Civilis
1181 5105 1326 5148 cum
1370 5085 1606 5169 glossis
1637 5137 1648 5148 .
1678 5088 1743 5149 in
1792 5087 2079 5171 quinque
2127 5089 2320 5150 tomis
2366 5135 2380 5149 .
2429 5088 2631 5151 editio
2672 5088 2934 5153 Veneta
2966 5137 2980 5151 .
3008 5089 3242 5174 Regal.

392 5217 642 5303 Corpus
685 5219 858 5281 Iuris
904 5217 1219 5283 Canonici
1265 5239 1411 5281 cum
1455 5219 1693 5304 glossis
1736 5221 1805 5283 in
1852 5221 2064 5284 tribus
2108 5221 2436 5285 tomiS.in
2481 5222 2566 5287 4⁰.
2616 5219 2820 5285 editio
2867 5221 3268 5285 Basiliensis.

391 5350 724 5417 Ciceronis
768 5374 969 5438 opera
1012 5353 1079 5414 in
1128 5352 1379 5417 duobus
1424 5354 1619 5417 tomis
1651 5401 1665 5415 .
1700 5375 1779 5417 ex
1826 5353 2114 5417 editione
2156 5353 2478 5437 Hervagii
2512 5407 2523 5419 .
2557 5353 2790 5438 bogen.

390 5484 857 5550 Institutiones
903 5507 1047 5550 cum
1095 5485 1355 5570 glossis,
1401 5486 1713 5570 Lugduni
1757 5488 1823 5551 in
1869 5489 1955 5550 4⁰.

626 5707 763 5711 —jk
794 5707 817 5712 ⁴-
852 5709 863 5712 -
910 5707 1437 5714 Ἰ-ῄ--ᾕ
1523 5709 1879 5714 -ῌ-ἠῐ
2182 5711 2243 5714 —7
2372 5711 2542 5714 ——
2579 5713 2624 5716 r*-
2711 5713 2726 5716 j
2761 5711 2790 5714 -Ᾰ
2817 5712 2856 5715 ,-
