4914 6782
1056 497 2986 508 -.-.---—-——————-—————————.-—-——-————-—-

2771 619 2852 683 26

1054 825 1236 887 quar,
1282 805 1706 890 interpretari
1752 824 1968 868 conor.
2059 801 2249 876 Quod
2296 802 2379 865 ad
2422 802 2673 865 victum
2719 803 2984 883 attinet,
3030 802 3196 866 bene
3238 810 3439 887 atque
3484 802 3668 867 laute
3700 824 3740 867 a
3770 811 4175 889 praeceptore
4214 825 4357 867 meo
4402 810 4579 868 trac-

1052 944 1177 1000 tor.
1264 936 1366 1000 De
1412 935 1826 1000 habitatione
1871 941 2096 999 autem
2142 955 2288 998 mea
2333 936 2425 999 sic
2473 935 2737 999 habeto.
2828 934 2990 1001 Cum
3045 935 3221 1021 apud
3281 935 3362 1000 D.
3425 936 3775 1001 Nicolaum
3837 944 4310 1023 praeceptorem
4354 960 4577 1004 meum

1047 1091 1176 1132 non
1222 1074 1481 1133 tantum
1527 1070 1657 1133 loci
1701 1069 1923 1149 fuerit,
1973 1075 2047 1133 ut
2090 1068 2570 1153 hypocaustum
2618 1088 2762 1131 cum
2810 1089 2936 1132 uno
2980 1074 3100 1133 aut
3142 1069 3354 1134 altero
3402 1071 3735 1136 consodali
3780 1071 4084 1136 habitare
4114 1073 4458 1158 potuerim,
4505 1078 4581 1137 et

1048 1223 1256 1287 nuper
1299 1223 1440 1266 sese
1480 1201 1885 1266 commodum
1931 1202 2346 1286 vaporarium
2407 1208 2609 1287 atque
2669 1201 3043 1266 cubiculum
3105 1203 3445 1285 obtulerit,
3504 1203 3677 1268 bona
3722 1225 3867 1269 cum
3912 1206 4338 1291 praeceptoris
4376 1206 4578 1270 venia

1047 1337 1113 1398 in
1157 1334 1225 1399 id
1269 1338 1575 1421 migravi.
1662 1336 2045 1420 Praeceptor
2088 1337 2261 1399 enim
2302 1357 2487 1399 meus
2531 1336 2588 1400 si
2625 1335 2707 1399 ad
2753 1335 3098 1416 familiam,
3141 1357 3289 1421 quae
3336 1344 3514 1401 certe
3555 1359 3796 1424 magna
3842 1345 3961 1419 est,
4004 1339 4235 1404 liberis
4264 1340 4576 1403 nimirum

1046 1476 1350 1552 quatuor,
1397 1469 1656 1533 ancillis
1699 1470 1932 1551 tribuS,
1979 1468 2466 1534 convictoribus
2508 1491 2642 1548 sex,
2689 1474 2931 1554 praeter
2977 1476 3234 1555 patrem
3281 1476 3485 1555 atque
3531 1477 3807 1535 matrem
3854 1471 4140 1536 familias
4185 1473 4571 1554 consistens,

1045 1604 1493 1688 respiciamus,
1539 1604 1798 1667 domum
1844 1610 2194 1688 angustam
2236 1602 2457 1678 habet,
2506 1604 2612 1667 cui
2658 1625 2787 1667 non
2848 1603 3042 1689 plura
3097 1625 3292 1688 quam
3352 1605 3481 1669 tria
3534 1605 3950 1690 hypocausta
3993 1608 4241 1689 insunt,
4290 1628 4569 1691 quorum

1046 1758 1246 1799 unum
1290 1737 1565 1818 familia,
1612 1737 1914 1818 alterum,
1964 1736 2137 1821 quod
2181 1738 2446 1801 minime
2494 1736 2782 1822 amplum
2829 1741 2947 1810 est,
3002 1736 3128 1799 duo
3176 1737 3589 1801 convictores
3633 1745 3884 1818 tenent,
3929 1740 4202 1803 tertium
4247 1746 4570 1825 superest,

1046 1870 1219 1952 quod
1263 1870 1405 1954 ipse
1450 1870 1704 1951 incolit,
1751 1876 1953 1954 atque
1998 1878 2075 1934 ut
2120 1875 2187 1934 et
2234 1891 2357 1954 ego
2403 1868 2498 1932 ibi
2545 1868 2873 1933 studerem
2920 1869 3155 1933 voluit.
3217 1867 3381 1942 Quae
3430 1890 3587 1953 ergo
3634 1891 3751 1933 cur
3791 1891 3921 1932 non
3961 1869 4209 1934 ibidem
4253 1872 4574 1935 manseris

1044 2023 1276 2066 caussa
1321 2008 1440 2089 est,
1485 2002 1791 2087 inquies?
1880 2001 2146 2088 Optime
2189 2004 2383 2083 nosti,
2429 2003 2520 2065 mi
2586 2008 2796 2087 pater,
2864 2002 3123 2065 domum
3190 2002 3643 2067 iurisconsulti
3704 2023 4039 2087 nunquam
4085 2025 4224 2068 esse
4270 2025 4569 2084 vacuam,

1041 2134 1154 2200 sed
1198 2157 1454 2221 semper
1498 2135 1577 2198 de
1623 2137 1765 2201 iure
1810 2137 2375 2222 interrogantibus
2419 2137 2682 2222 plenam
2729 2143 2930 2220 atque
2976 2137 3310 2218 refertam,
3375 2137 3678 2221 talesque
3723 2137 4254 2227 frequentissime
4302 2160 4571 2203 caussas

1040 2269 1352 2351 incidere,
1400 2292 1564 2354 quas
1611 2269 1691 2334 de
1738 2270 2060 2353 aequitate
2107 2277 2476 2356 quaerentes
2522 2271 2998 2335 occultissimas
3055 2291 3194 2335 esse
3257 2272 3715 2355 neminemque
3771 2272 3898 2336 nisi
3944 2270 4023 2335 de
4068 2273 4211 2336 iure
4257 2280 4568 2358 rogatum

1046 2425 1125 2466 ea
1168 2405 1334 2468 scire
1378 2403 1631 2468 volunt.
1720 2402 1880 2469 Cum
1927 2427 2082 2469 vero
2129 2405 2552 2490 praeceptoris
2597 2404 2825 2469 domus
2866 2426 3202 2490 nunquam
3257 2427 3388 2469 non
3444 2405 3918 2490 frequentetur,
3965 2405 4163 2470 facile
4210 2407 4563 2493 intelligis,

1045 2558 1241 2620 quam
1301 2558 1489 2622 aequo
1552 2538 1768 2600 animo
1816 2536 2024 2600 laturi
2068 2538 2219 2615 sint,
2267 2540 2379 2622 qui
2447 2537 2528 2601 de
2591 2539 2731 2601 iure
2792 2545 3113 2623 quaerunt,
3176 2540 3401 2621 alium,
3449 2546 3888 2624 praeterquam
3937 2561 4084 2603 eum
4124 2561 4318 2624 quem
4363 2542 4568 2605 animi

1040 2678 1297 2735 secreta
1342 2672 1442 2735 sui
1488 2678 1712 2735 tenere
1755 2671 2008 2752 volunt,
2057 2693 2137 2735 ea
2182 2670 2431 2735 audire.
2520 2670 2909 2735 Exeundum
2958 2679 3060 2735 est
3101 2693 3278 2757 erg0,
3327 2673 3532 2736 donec
3573 2672 3648 2751 is,
3698 2673 3811 2757 qui
3854 2694 4118 2736 causam
4145 2674 4568 2758 expositurus

1040 2814 1142 2870 est
1185 2828 1390 2885 suam,
1435 2807 1615 2869 intus
1661 2826 1805 2869 eam
1850 2805 2231 2888 absolverit,
2278 2815 2397 2871 aut
2441 2804 2496 2866 si
2542 2825 2862 2886 maneam,
2911 2806 3057 2889 quis
3102 2813 3201 2869 est
3251 2806 3366 2889 qui
3409 2806 3584 2870 inter
3617 2806 4072 2891 colloquentes
4120 2812 4298 2891 (cum
4340 2807 4565 2872 studia

1041 2939 1125 3003 ab
1166 2941 1339 3003 omni
1385 2940 1665 3024 strepitu
1714 2939 1929 3002 locum
1976 2942 2318 3023 requirant
2360 2942 2714 3024 remotum)
2763 2961 2962 3025 agere
3010 2940 3367 3025 quidquam
3413 2939 3677 3025 possit?
3764 2939 3873 3004 Ad
3906 2940 4046 3003 haec
4077 2940 4271 3005 liberi
4303 2962 4566 3025 quoque

1041 3074 1396 3158 aliquando
1443 3080 1787 3160 praesente,
1856 3074 2127 3138 absente
2181 3096 2337 3138 vero
2393 3075 2530 3155 alii,
2579 3082 2654 3139 ut
2709 3097 2855 3139 cum
2914 3075 3160 3139 sororio
3220 3076 3646 3159 praeceptoris
3708 3076 3821 3160 qui
3880 3076 3947 3139 in
4014 3074 4240 3139 eodem
4298 3074 4567 3140 habitat

1038 3208 1516 3293 colloquantur,
1555 3210 1797 3293 saepius
1840 3208 2310 3293 ingrediuntur
2351 3230 2687 3273 musaeum.
2777 3209 2983 3273 Vides
3039 3209 3267 3294 igitur,
3325 3210 3413 3272 mi
3476 3216 3686 3294 pater,
3748 3214 4067 3293 quantum
4112 3210 4427 3293 temporis
4468 3210 4562 3271 in-

1035 3342 1227 3405 terim
1273 3340 1706 3406 amittendum
1752 3341 1860 3406 sit.
1929 3341 2026 3406 At
2071 3362 2227 3405 vero
2270 3342 2346 3424 is,
2393 3363 2588 3428 quern
2630 3343 2764 3406 iam
2805 3341 3130 3424 inhabito,
3176 3341 3360 3407 locus
3397 3343 3765 3407 tutissimus
3791 3348 3891 3407 est
3916 3341 3999 3406 ab
4024 3343 4199 3406 omni
4245 3342 4559 3408 tumultu.

1034 3474 1141 3539 Ibi
1187 3497 1333 3539 cum
1378 3476 1572 3539 unico
1626 3475 1835 3540 solum
1902 3476 2264 3540 convictori
2340 3476 2587 3551 habito,
2641 3479 2753 3561 qui
2808 3477 2992 3541 nullo
3046 3477 3237 3540 modo
3292 3476 3549 3541 inducit
3588 3499 4001 3562 quemquam,
4050 3478 4160 3561 qui
4205 3478 4274 3540 in
4319 3478 4560 3541 studiis

1034 3609 1346 3672 remorari
1392 3629 1494 3672 me
1541 3609 1765 3693 possit.
1824 3609 1948 3672 Est
1992 3609 2192 3673 etiam
2236 3609 2421 3674 locus
2464 3610 2599 3689 ille,
2647 3609 2725 3673 de
2772 3632 2899 3694 quo
2936 3610 3187 3695 loquor,
3234 3610 3300 3673 in
3333 3609 3614 3694 collegio
3661 3610 3846 3690 situS,
3893 3631 4205 3690 amoenuS,
4253 3609 4557 3683 salubriS,

1035 3748 1265 3828 utpote
1306 3744 1627 3806 orientem
1657 3749 1981 3827 spectans,
2028 3742 2111 3806 ad
2157 3743 2476 3807 lectiones
2521 3742 2882 3807 audiendas
2929 3751 3004 3807 ut
3070 3742 3648 3824 commodissimuS,
3693 3744 3791 3806 ita
3835 3741 4163 3806 auditorio
4210 3741 4560 3806 admodum

1034 3877 1460 3961 propinquus,
1505 3896 1546 3938 a
1593 3875 1779 3939 domo
1823 3877 2246 3961 praeceptoris
2289 3877 2416 3939 mei
2463 3898 2589 3940 non
2636 3875 2834 3960 longe
2882 3875 3153 3956 distans,
3203 3876 3362 3960 quin
3388 3876 3441 3939 si
3468 3874 3670 3939 aliam
3703 3874 3985 3956 domum,
4037 3895 4184 3958 quae
4231 3875 4558 3938 conducta

1034 4009 1165 4072 iarn
1212 4016 1331 4089 est,
1377 4016 1746 4095 praeceptor
1789 4030 1971 4074 meus
2019 4009 2291 4084 adierit,
2336 4016 2608 4096 propter
2652 4010 3064 4074 vicinitatem
3110 4010 3397 4073 omnium
3431 4008 3945 4072 commodissime
3978 4007 4296 4072 habitabo
4342 4029 4556 4092 neque

1032 4142 1250 4206 minus
1293 4142 1625 4206 commode
1672 4142 1750 4206 de
1782 4142 2020 4206 studiis
2064 4143 2351 4227 colloqui
2394 4150 2596 4227 atque
2643 4164 2952 4227 quaerere,
2997 4164 3193 4226 quam
3223 4143 3278 4206 si
3307 4143 3376 4205 in
3421 4142 3652 4207 iisdem
3685 4164 3829 4206 cum
3861 4148 4266 4226 praeceptore
4304 4140 4559 4205 aedibus

1031 4276 1401 4341 habitarem
1447 4279 1554 4362 (ut
1596 4277 1737 4362 ipse
1782 4297 2047 4361 quoque
2093 4283 2381 4340 testatur
2442 4278 2525 4341 D.
2595 4276 2961 4360 Nicolaus)‚
3010 4299 3291 4362 possum.
3381 4276 3733 4341 Lectiones
3778 4297 4036 4360 quoque
4097 4274 4363 4340 auditas
4409 4297 4557 4339 cum

1032 4410 1491 4476 contubernali
1520 4415 1822 4495 repetere
1865 4415 2041 4491 (nam
2089 4411 2251 4475 iuris
2295 4410 2629 4475 studiosus
2676 4411 2818 4496 est),
2863 4411 2918 4474 si
2964 4409 3121 4495 quid
3167 4408 3351 4473 dubii
3396 4410 3718 4483 inciderit,
3751 4409 4045 4473 conferre
4090 4409 4356 4494 singula
4381 4429 4553 4471 com·

1028 4544 1401 4608 modissime
1445 4546 1834 4629 nemineque
1878 4544 2278 4630 impediente
2312 4566 2673 4630 possumus.
2737 4543 2986 4607 Verum
3032 4541 3333 4607 obiicies:
3382 4541 3556 4615 Quid
3601 4541 3724 4605 hoc
3767 4542 3967 4605 moris
4011 4548 4127 4616 est,
4172 4541 4336 4604 alibi
4370 4539 4554 4604 habi-

1031 4686 1173 4741 tare
1218 4699 1414 4762 quam
1460 4699 1537 4741 eo
1580 4679 1648 4741 in
1688 4678 1833 4741 loco
1879 4676 1994 4741 ubi
2039 4677 2257 4741 cibum
2291 4679 2553 4762 capias:
2600 4675 2802 4762 quid?
2847 4677 3107 4740 solusne
3139 4682 3341 4740 noctu
3371 4674 3439 4739 in
3471 4673 3715 4758 plateis
3749 4672 4169 4737 versaberis?
4215 4673 4361 4757 Ego
4395 4692 4551 4735 vero

1028 4812 1628 4897 frequentissimum
1673 4812 1741 4875 in
1785 4811 1910 4875 hac
1977 4832 2117 4875 esse
2179 4809 2337 4873 urbe
2387 4809 2770 4894 respondeo,
2828 4809 2992 4873 alibi
3036 4808 3302 4873 studere
3347 4814 3549 4892 atque
3596 4806 3728 4870 alio
3773 4809 3841 4871 in
3885 4807 4029 4871 loco
4077 4807 4434 4880 comedere,
4482 4814 4553 4870 et

1027 4943 1138 5005 vix
1208 4943 1526 5007 decimam
1590 4942 2032 5008 studiosorum
2078 4951 2334 5028 partem
2380 4941 2606 5005 eadem
2649 4942 2718 5005 in
2764 4940 2952 5004 domo
2998 4949 3066 5006 et
3114 4941 3420 5005 habitare
3466 4948 3535 5004 et
3579 4939 3798 5004 cibum
3853 4960 4108 5004 sumere
4154 4946 4222 5003 et
4266 4959 4552 5025 praecep-

1026 5081 1235 5140 torem
1264 5098 1481 5141 meum
1528 5077 1688 5143 duos
1733 5082 2070 5163 praeterea,
2116 5077 2229 5161 qui
2273 5075 2447 5139 idem
2493 5074 2664 5159 quod
2710 5096 2831 5160 ego
2876 5074 3150 5155 faciant,
3197 5073 3463 5140 habere.
3515 5073 3624 5138 Ad
3657 5072 3940 5137 alterum
3986 5095 4159 5149 ver0,
4204 5094 4305 5137 me
4349 5079 4550 5137 noctu

1025 5230 1154 5273 non
1200 5209 1412 5274 solum
1457 5211 1525 5274 in
1564 5211 1810 5296 plateis
1854 5216 2269 5275 versaturum
2313 5209 2441 5288 ai0,
2485 5230 2638 5272 nam
2696 5206 3190 5271 contubernalis
3233 5207 3308 5288 is,
3358 5206 3436 5270 de
3483 5228 3610 5291 quo
3678 5206 3942 5271 locutus
3984 5229 4146 5288 sum,
4200 5211 4303 5271 est
4347 5206 4549 5270 etiam

1028 5342 1367 5405 convictor
1408 5344 1837 5428 praeceptoris
1881 5343 2031 5423 mei,
2079 5347 2403 5427 praeterea
2446 5363 2574 5405 non
2621 5346 2722 5405 est
2765 5340 3210 5426 periculosum
3256 5341 3619 5426 praesertim
3672 5340 3739 5403 in
3786 5362 3866 5406 ea
3913 5341 4209 5406 civitatis
4253 5341 4546 5425 regione,

1024 5495 1153 5558 qua
1198 5475 1481 5539 eundum
1525 5475 1688 5540 mihi
1734 5481 1854 5548 est,
1902 5477 2171 5541 versari.
2262 5474 2438 5549 Quin
2483 5483 2551 5539 et
2593 5476 2647 5540 si
2692 5475 2824 5538 iam
2878 5494 3181 5561 egressus
3227 5474 3403 5539 aedes
3447 5475 3654 5560 ipsius
3698 5494 3826 5537 non
3869 5474 4156 5553 fuissem,
4202 5479 4352 5559 post
4397 5493 4545 5559 par·

4247 5681 4752 5730 ...ῳ-,Ἀ
