4914 6782
156 521 555 585 f———m
576 516 3628 533 ——-—-————-———-————.—-—.C——————
3649 521 3696 528 ..-
3721 521 3726 525 -
3779 522 3796 526 »ἶ
3829 522 3990 530 ---,

2057 643 2137 706 25

354 839 626 903 consilio
671 839 751 904 D.
799 842 1221 925 praeceptoris
1262 841 1388 904 mei
1437 862 1560 926 ego
1608 862 1867 926 quoque
1914 840 2241 906 accedam.
2337 838 2789 904 Humanarum
2843 838 3097 903 nullum
3144 838 3457 903 accedere
3502 836 3682 901 soleo
3728 858 3869 923 pro-

350 973 662 1039 fessorem
708 975 984 1052 artium3
1046 973 1250 1039 habet
1318 973 1583 1059 quidem
1647 974 1812 1039 haec
1881 974 2105 1039 schola
2169 975 2467 1061 insignes
2532 973 2845 1058 quosdam
2913 973 3178 1055 artium,
3235 979 3311 1037 ut
3354 972 3760 1059 Scheggium
3802 974 3872 1037 in

352 1104 679 1190 Physicis,
710 1105 1032 1171 Imserum
1064 1112 1132 1172 et
1163 1107 1631 1172 Scheubelium
1660 1108 1729 1170 in
1765 1107 2256 1172 Mathematicis
2301 1107 2629 1188 doctores3
2674 1128 2917 1181 verum,
2952 1112 3025 1170 ut
3057 1107 3196 1192 ipse
3228 1106 3467 1170 melius
3496 1106 3690 1187 nosti,
3735 1107 3872 1171 haec

349 1241 651 1304 scientiae
695 1240 776 1304 ad
823 1241 1291 1326 professionem
1334 1243 1500 1306 iuris
1563 1241 1730 1305 nihil
1789 1249 1909 1306 aut
1960 1264 2191 1327 parum
2257 1241 2607 1305 admodum
2666 1242 2940 1305 faciunt.
3029 1240 3416 1305 Ethicorum
3457 1240 3662 1304 libros
3704 1241 3876 1305 solos

348 1373 458 1436 vel
507 1378 683 1437 certe
729 1374 1141 1458 potissimum
1191 1374 1274 1438 ad
1318 1374 1464 1437 iura
1503 1375 1731 1439 civilia
1775 1375 2205 1461 perdiscenda
2250 1375 2559 1468 prodesse
2614 1381 2680 1438 te
2735 1374 3091 1459 saepissime
3145 1373 3361 1439 dicere
3423 1374 3691 1439 solitum
3735 1395 3869 1438 me·

347 1505 533 1570 mini.
602 1504 851 1568 Horum
898 1505 1223 1591 interpres
1268 1515 1369 1570 est
1413 1506 1787 1571 ordinarius
1831 1507 2118 1572 Mathias
2162 1508 2494 1592 Illyricus,
2543 1508 2773 1572 doctus
2804 1514 3006 1591 atque
3053 1507 3349 1571 eruditus
3393 1507 3602 1586 homo,
3645 1507 3756 1571 sed
3805 1508 3874 1571 in

348 1639 744 1725 explicando
792 1638 1083 1724 puerilis,
1129 1646 1205 1703 ut
1232 1640 1393 1703 mihi
1421 1640 1632 1704 multo
1664 1639 1812 1725 plus
1842 1641 2326 1706 commoditatis
2356 1642 2693 1728 percipere
2723 1640 2969 1713 videar,
3015 1643 3071 1704 si
3103 1642 3414 1726 temporis
3456 1641 3645 1719 illud,
3700 1640 3871 1724 quod

349 1773 679 1838 audiendo
710 1773 828 1837 illo
864 1794 1328 1855 consumerem,
1361 1775 1641 1859 privatis
1670 1775 2055 1839 Ethicorum
2085 1775 2321 1839 studiis
2356 1775 2749 1860 impendam.
2834 1778 3232 1860 optaveram
3267 1796 3523 1859 quoque
3558 1774 3874 1859 professo-

346 1929 491 1972 rem
537 1908 844 1993 aliquem,
893 1909 1005 1992 qui
1052 1906 1287 1972 Graeca
1329 1912 1509 1971 recte
1555 1912 1756 1991 atque
1803 1912 2032 1991 aperte
2076 1907 2372 1970 traderet
2414 1908 2576 1971 mihi
2623 1908 3042 1993 contingere3
3089 1928 3313 1971 verum
3358 1906 3533 1971 idem
3564 1908 3878 1990 Illyricus

348 2042 626 2106 Homeri
671 2042 823 2122 iam,
869 2042 938 2105 ni
982 2040 1198 2122 fallar,
1246 2040 1462 2104 Iliada
1505 2042 2015 2123 interpretatur;
2055 2038 2168 2102 sed
2212 2061 2293 2103 ne
2360 2039 2530 2103 hanc
2575 2061 2832 2125 quoque
2881 2038 3230 2103 lectionem
3277 2039 3669 2104 audiendam
3714 2042 3880 2105 mihi

352 2176 754 2254 existimavi,
803 2195 949 2237 cum
1001 2175 1191 2237 unica
1221 2174 1383 2237 hora
1426 2174 1798 2258 sexaginta,
1852 2174 2281 2258 septuaginta
2335 2181 2452 2237 aut
2514 2173 2736 2258 plures
2792 2193 3019 2237 versus
3073 2175 3569 2258 interpretetur,
3619 2195 3699 2237 ex
3746 2196 3876 2258 quo

348 2307 574 2386 facile,
619 2329 813 2393 quam
858 2307 1026 2371 bene
1074 2306 1381 2391 explicet,
1427 2307 1773 2391 intelligis·
1863 2306 2118 2370 Deinde
2193 2308 2379 2392 (quia
2450 2314 2685 2392 poetae,
2750 2314 2982 2371 autore
3043 2306 3374 2381 Cicerone,
3420 2307 3639 2370 aliena
3685 2308 3878 2391 quasi

351 2442 589 2527 lingua
634 2442 1025 2526 loquuntur)
1071 2440 1445 2505 maluissem
1477 2440 1778 2520 alicuius,
1826 2441 1939 2525 qui
1982 2440 2201 2503 soluta
2247 2441 2546 2504 oratione
2586 2439 2987 2503 Historicum
3019 2447 3139 2504 aut
3169 2438 3513 2503 Oratorem
3544 2438 3884 2512 enodaret,

353 2575 587 2639 audire
654 2575 1131 2660 praelectioneS,
1201 2576 1509 2658 quoniam
1553 2575 1714 2638 mihi
1758 2575 1921 2637 iuris
1965 2574 2258 2637 studioso
2319 2573 2527 2637 multo
2588 2572 2985 2636 commodior
3027 2594 3131 2635 res
3184 2572 3304 2635 illa
3363 2572 3615 2635 fuisset.
3707 2568 3884 2643 Quin

356 2715 426 2774 et
476 2709 642 2773 illud
689 2709 964 2790 accedit,
1012 2710 1181 2793 quod
1230 2708 1457 2773 eadem
1497 2708 1658 2771 hora
1703 2707 2016 2791 Illyricus
2059 2713 2127 2770 et
2166 2705 2740 2770 Institutionarius
2800 2706 3192 2791 praelegunt,
3254 2711 3658 2789 quapropter
3715 2704 3883 2768 alte-

354 2846 497 2909 rius
540 2845 746 2908 solum
794 2842 1023 2908 audire
1071 2844 1325 2908 dictata
1368 2844 1736 2907 necessario
1786 2864 2005 2928 cogor.
2097 2841 2265 2905 Dein
2309 2841 2531 2904 nullus
2575 2841 2682 2903 hic
2729 2846 2831 2904 est
2876 2840 2986 2923 qui
3034 2837 3415 2903 Ciceronem
3459 2836 3883 2923 profiteatur3

356 2979 584 3044 nullus
627 2979 734 3042 hic
768 2984 867 3043 est
898 2977 1170 3059 Coelius3
1216 2999 1366 3040 nam
1391 2977 1749 3062 Benignus,
1795 2975 2208 3038 doctissimus
2250 2976 2372 3056 vir,
2420 2976 2533 3060 qui
2581 2977 2721 3039 eius
2763 2974 2969 3039 libros
2998 2974 3232 3037 docere
3256 2973 3490 3037 solitus
3536 2980 3702 3055 erat,
3749 2974 3881 3036 iam

359 3115 429 3177 in
457 3113 846 3176 Aristotelis
890 3111 972 3175 ad
1005 3110 1250 3175 Theod.
1298 3115 1602 3197 versatur
1633 3108 2023 3172 Rhetoricis.
2081 3107 2629 3173 Valetudinarius
2660 3113 2758 3172 est
2801 3108 3011 3172 bonus
3041 3109 3161 3189 vir,
3208 3128 3420 3191 neque
3464 3106 3723 3171 labores
3770 3129 3880 3169 ne·-

360 3269 488 3331 que
534 3248 848 3311 diuturna
892 3246 1059 3311 ferre
1104 3251 1330 3331 potest
1373 3243 1614 3325 studia,
1663 3241 2084 3327 quamobrem
2131 3263 2276 3305 cum
2322 3248 2475 3305 ante
2521 3240 2779 3323 aliquos
2810 3261 3013 3303 annos
3042 3239 3424 3324 interpretis
3469 3238 3700 3323 optimi
3742 3237 3881 3301 lau·

360 3381 508 3445 dem
554 3382 642 3446 sit
683 3386 1142 3465 consequutus,
1189 3379 1467 3443 adversa
1513 3377 1801 3462 corporis
1848 3373 2109 3440 affectio
2155 3375 2233 3440 de
2263 3374 2438 3439 fama
2487 3375 2696 3460 ipsius
2726 3373 3004 3438 multum
3051 3373 3361 3438 detraxit.
3410 3372 3537 3438 Sed
3565 3380 3660 3452 tu,
3691 3377 3883 3457 pater

361 3515 762 3596 charissime,
814 3514 966 3599 quid
1014 3515 1081 3577 in
1128 3513 1230 3576 his
1276 3513 1473 3577 rebus
1516 3511 1916 3596 sequendum
1969 3510 2438 3596 fugiendumve
2484 3511 2572 3572 sit
2629 3508 2864 3572 melius
2919 3509 3112 3572 nosti.
3200 3507 3445 3592 Scripsi
3494 3529 3752 3591 quoque
3800 3506 3876 3569 ad

360 3649 444 3713 D.
494 3648 769 3715 Coelium
817 3647 1043 3711 eadem
1090 3647 1168 3711 de
1213 3669 1282 3710 re
1330 3626 1507 3711 et⁰in
1552 3645 1675 3709 hoc
1717 3646 1985 3730 negotio
2031 3642 2188 3728 quid
2232 3642 2607 3706 faciendum
2663 3642 2753 3705 sit
2808 3647 2882 3705 ut
2942 3641 3323 3704 admoneret
3376 3640 3628 3724 rogavi.
3726 3638 3882 3702 Haec

363 3783 443 3846 de
488 3781 888 3846 lectionibus
933 3780 1235 3866 publicis.
1305 3780 1383 3843 In
1429 3780 1710 3865 privatis
1754 3785 1977 3842 autem
2022 3776 2258 3841 studiis
2305 3797 2447 3839 eam
2491 3796 2686 3859 quam
2733 3777 2827 3855 tu,
2873 3773 2962 3835 mi
3005 3780 3214 3856 pater,
3263 3771 3724 3856 praescripsisti
3774 3792 3880 3834 ra-

361 3916 610 3979 tionem
658 3921 858 3998 atque
902 3913 1160 3976 modum
1207 3933 1462 3996 sequor,
1508 3912 1822 3975 videlicet
1866 3917 1941 3974 ut
1993 3911 2312 3974 lectiones
2358 3909 2621 3972 auditas
2682 3914 2999 3993 repetam,
3044 3907 3229 3991 leges
3275 3907 3330 3969 si
3376 3927 3521 3990 quae
3571 3908 3880 3986 citantur,

364 4070 670 4134 quaeram,
715 4045 1278 4126 Institutionibus,
1326 4045 1603 4129 Regulis
1650 4045 1812 4108 iuris
1857 4052 2059 4128 atque
2106 4041 2184 4107 de
2229 4042 2576 4105 verborum
2636 4041 3119 4127 significatione
3175 4040 3375 4104 titulo
3425 4040 3720 4124 quotidie
3768 4040 3884 4103 ali-

365 4183 522 4268 quid
567 4181 881 4266 temporis
927 4180 1254 4259 tribuam3
1301 4177 1576 4242 eundem
1621 4176 1884 4240 modum
1952 4176 2138 4259 quasi
2204 4175 2522 4260 optimum
2584 4175 2743 4238 mihi
2809 4181 3177 4259 praeceptor
3221 4194 3404 4236 meus
3443 4173 3883 4257 praescripsit3

363 4337 591 4380 verum
637 4316 692 4379 is
738 4321 806 4378 et
850 4314 1135 4399 regulaS,
1183 4315 1237 4377 si
1272 4332 1417 4396 quae
1462 4313 1635 4374 inter
1665 4309 2060 4373 audiendum
2093 4316 2210 4373 aut
2250 4309 2602 4394 legendum
2650 4314 3023 4388 occurrunt,
3069 4307 3391 4371 notandas
3436 4312 3636 4389 atque
3679 4306 3749 4368 in
3792 4305 3885 4368 lo-

368 4469 476 4511 cos
522 4469 637 4511 ceu
685 4465 1055 4508 communes
1102 4440 1491 4526 digerendas
1536 4446 1748 4525 putat,
1797 4441 1953 4524 quin
2000 4447 2067 4505 et
2111 4464 2393 4505 summas
2459 4442 2708 4505 Azonis
2753 4449 2820 4506 et
2865 4440 3233 4505 Hostiensis
3278 4439 3637 4524 diligenter
3681 4437 3884 4502 Iusti-

367 4582 600 4643 nianeo
645 4599 814 4641 novo
861 4578 971 4662 (ex
1010 4573 1311 4640 Sichardi
1356 4574 1714 4653 sententia)
1760 4572 2174 4654 evolvendas,
2222 4596 2347 4658 quo
2395 4576 2746 4638 summaria
2791 4574 2952 4636 iuris
2997 4574 3287 4658 cognitio
3335 4579 3623 4658 paretur,
3667 4573 3886 4636 existi-

310 4745 317 4754 ·
366 4718 524 4776 mat.
635 4710 910 4774 Caeteris
972 4707 1228 4782 studiis,
1278 4713 1603 4790 quatenus
1657 4726 1771 4789 per
1837 4705 2043 4768 otium
2095 4704 2275 4786 licet,
2330 4706 2660 4790 reliquum
2706 4705 2873 4789 quod
2943 4713 3244 4790 superest
3306 4712 3566 4790 tempus
3615 4705 3884 4784 colloco.

366 4847 463 4910 ita
520 4854 760 4916 tamen,
810 4848 881 4905 ut
940 4841 1291 4926 principali
1348 4838 1566 4902 studio
1625 4838 1789 4901 nihil
1844 4840 2105 4901 omnino
2164 4840 2412 4924 ingenii
2472 4840 2578 4903 vel
2636 4840 2986 4903 necessarii
3049 4839 3363 4924 temporis
3436 4839 3885 4902 subtrahatur.

369 4979 591 5050 Forte,
639 4997 785 5061 quae
831 4972 1147 5059 ,πάρεργα
1189 4973 1310 5036 illa
1356 4980 1424 5036 et
1470 4971 1993 5035 extraordinaria
2038 4973 2172 5034 sint
2214 4970 2453 5048 studia,
2503 4973 2762 5056 quaeris.
2832 4972 2932 5034 Ea
2965 4973 3290 5050 nimirum,
3324 4994 3470 5056 quae
3502 4993 3541 5034 a
3570 4973 3734 5035 iuris
3765 4971 3886 5035 dis-

370 5108 615 5195 ciplina
659 5132 788 5171 non
828 5128 1134 5190 magnam
1182 5104 1711 5188 discrepantiam,
1757 5102 1867 5166 sed
1914 5124 2229 5166 summam
2274 5103 2496 5187 potius
2563 5103 2976 5167 concordiam
3032 5110 3232 5187 atque
3310 5105 3707 5168 affinitatem
3781 5104 3887 5166 ha-

369 5243 545 5324 bent,
592 5243 978 5306 Ethicorum
1025 5246 1225 5323 atque
1272 5239 1705 5302 Politicorum
1736 5236 1910 5313 libri,
1957 5234 2272 5298 videlicet
2301 5235 2711 5316 Aristotelei,
2753 5246 2892 5298 tum
2918 5236 3118 5298 etiam
3146 5235 3480 5300 Ciceronis
3513 5257 3659 5320 quae
3691 5236 3886 5320 scrip-

370 5376 458 5440 sit
498 5376 855 5454 volumina,
904 5375 1150 5441 adhaec.
1196 5379 1523 5457 quatenus
1554 5372 1835 5456 privatis
1878 5369 2448 5433 lucubrationibus
2493 5370 2802 5454 consequi
2847 5369 3026 5446 licet,
3086 5369 3390 5433 Graecum
3438 5371 3888 5455 professorem,

3513 5609 3554 5670 4

4084 4959 4092 5304 !

4088 5311 4094 5536 ι

372 5514 449 5571 ut
473 5508 991 5592 qualemcunque
1040 5507 1180 5569 eius
1208 5505 1454 5590 linguae
1503 5506 1965 5590 cognitionem,
2012 5508 2335 5587 quatenus
2367 5501 2447 5564 ad
2481 5503 2627 5565 iura
2653 5501 3080 5587 perdiscenda
3111 5503 3482 5565 necessaria
3507 5507 3626 5580 est,
3675 5522 3890 5564 cons(—
4090 5539 4095 5654 Ι

180 5661 591 5736 μ’.
608 5726 2027 5737 φφ-.
2046 5726 2319 5730 -
2334 5725 2550 5730 W*
2625 5725 2656 5728 ,,
2673 5724 2772 5730 --,
2807 5725 3154 5729 ----“-
3173 5723 3664 5728 ———,-
