4914 6782
1314 520 3189 530 -ῄ--ᾞ--ῄ-
3214 523 3714 530 -Ὴῂ-
3803 524 3940 530 -.
3979 525 3994 531 ..
4071 525 4098 530 -
4345 525 4610 534 ,ψ-
4789 580 4792 583 Ι

877 596 884 921 1
2699 731 2724 737 Φ
2795 640 2879 703 52

1083 849 1282 923 cert0,
1342 842 1500 928 quid
1557 844 1859 925 sentiam,
1917 845 2320 908 constituere
2379 843 2586 923 iubeS,
2645 844 2906 907 faciam.
3004 842 3166 909 Cum
3229 843 3438 926 igitur
3490 842 3759 906 ltaliam
3805 842 3888 906 ab
3935 842 4234 907 omnibus
4277 842 4596 909 hactenus

1081 996 1489 1061 summopere
1536 977 1879 1063 praedicari
1926 976 2247 1041 audierim
2294 983 2362 1040 et
2403 978 2473 1040 in
2518 998 2596 1039 ea
2641 982 2742 1039 tot
2787 975 3124 1038 doctorum
3172 975 3459 1038 virorum
3506 986 3639 1038 tam
3688 974 4075 1059 diligentem
4129 975 4196 1038 in
4225 974 4593 1059 profitendo
4797 948 4804 1029 Ι

1078 1108 1469 1173 industriam
1513 1110 1974 1191 intellexerim,
2022 1109 2542 1194 disputationum
2589 1117 2656 1173 et
2702 1110 3195 1172 concursionum
3281 1116 3386 1191 (ut
3432 1108 3698 1190 vocant)
3755 1108 4191 1191 frequentiam
4239 1109 4592 1193 cognorim,

1077 1242 1362 1306 maxima
1406 1265 1663 1329 semper
1707 1265 1849 1308 eam
1892 1244 2243 1308 accedendi
2291 1243 2658 1328 cupiditate
2712 1242 2863 1321 arsi,
2924 1248 2999 1305 ut
3055 1240 3369 1305 videlicet
3428 1262 3642 1304 coram
3698 1263 3794 1321 ea,
3841 1262 3986 1325 quae
4033 1241 4270 1305 absens
4314 1242 4398 1305 ab
4443 1243 4596 1307 aliis

1079 1376 1323 1459 audivi,
1372 1377 1594 1441 videre
1641 1398 1915 1463 possem.
1985 1377 2407 1463 Quapropter
2439 1399 2583 1442 eam
2628 1384 2927 1463 spectare
2972 1375 3509 1440 iucundissimum
3555 1375 3711 1438 mihi
3763 1377 3906 1450 erit,
3952 1377 4050 1439 ita
4081 1384 4320 1447 tamen,
4366 1377 4420 1441 si
4467 1376 4594 1440 tibi

1078 1514 1343 1592 gratum
1406 1518 1607 1595 atque
1665 1511 1826 1574 mihi
1889 1510 2054 1575 utile
2111 1510 2232 1574 hoc
2279 1511 2702 1582 existimarim
2765 1532 2913 1572 nam
2960 1511 3015 1572 si
3059 1508 3165 1571 vel
3211 1507 3318 1572 hic
3364 1508 3470 1571 vel
3516 1507 3678 1571 alibi
3723 1530 3825 1572 me
3873 1530 4010 1572 esse
4057 1510 4301 1594 cupias,
4347 1507 4591 1570 curabo

1079 1649 1155 1706 ut
1197 1642 1335 1708 fiat.
1424 1644 1628 1708 Plura
1682 1666 1827 1728 quae
1884 1645 2165 1709 scribam
2220 1667 2348 1708 non
2409 1645 2642 1721 habe0,
2703 1666 2846 1709 cum
2902 1652 3053 1708 ante
3117 1664 3361 1728 paucos
3414 1642 3553 1706 dies
3610 1663 3725 1727 per
3771 1642 4053 1705 Musculi
4097 1640 4302 1704 filium
4349 1640 4430 1704 ad
4475 1662 4594 1704 vos

1081 1782 1342 1841 euntem
1387 1778 1777 1863 scripserim,
1820 1799 1859 1841 a
1905 1799 2032 1863 quo
2078 1786 2144 1841 te
2190 1799 2369 1842 meas
2412 1780 2738 1862 recepisse
2783 1799 2912 1840 non
2944 1776 3194 1840 dubito.
3281 1776 3459 1839 Bene
3491 1775 3663 1851 vale,
3711 1774 4089 1837 charissime
4122 1780 4330 1857 pater.
4420 1773 4592 1835 Prae-

1079 1918 1306 1996 eeptor
1349 1932 1533 1974 meus
1574 1918 1641 1975 te
1688 1911 1972 1997 plurima
2016 1911 2231 1975 salute
2280 1912 2617 1997 impertire
2664 1910 2871 1975 iubet.
2960 1909 3328 1993 Thubingae
3380 1910 3451 1971 18
3496 1905 3690 1973 Iunii.
3779 1908 4067 1993 Raptim.

2286 2044 2470 2109 Tuus
2515 2044 3084 2108 obedientissimus
3123 2043 3297 2106 filius
3342 2045 3690 2109 Basilius
3739 2044 4341 2110 AmsrbachiuS.

1273 2201 1525 2267 (Redditae
1558 2202 1804 2271 postridie
1839 2202 1883 2254 d.
1927 2202 2132 2254 Ioannis
2168 2202 2414 2270 Baptistae
2448 2203 2515 2255 :25
2553 2202 2685 2255 Iunii
2724 2204 2811 2255 Ast.
2848 2204 2952 2263 53.)

2605 2535 3072 2547 „„„„„„„„„„„„„„„„„„„„„„„„„

1058 2694 1066 2711 Ι

2660 2877 2989 2940 XXXVI.

1948 3049 2415 3133 Bonifacius
2483 3052 3075 3134 Amerbachius
3142 3051 3446 3134 Basilio
3511 3052 3700 3133 filio.

2357 3216 2497 3276 (eod.
2533 3216 2796 3270 Basilicus.
2838 3215 2899 3269 G.
2938 3216 2978 3269 1.
3016 3218 3088 3268 16.
3129 3217 3210 3270 fol.
3251 3219 3326 3281 6.)

1576 3362 1845 3435 Basilio
1898 3362 2374 3451 Amet-bachio,
2428 3362 2620 3434 Iuris
2668 3363 2987 3452 steeclz‘030,
3047 3362 3383 3454 Tubinqm,
3438 3364 3580 3452 filio
3630 3363 4048 3434 charissime.

2679 3545 2716 3556 *a
2723 3545 2748 3556 s
2755 3544 2921 3556 a--fxfxu‘xt

1315 3658 1381 3724 S.
1429 3659 1504 3722 P.
1593 3657 1701 3721 Ad
1745 3658 1936 3721 binas
1981 3657 2368 3720 novissimas
2413 3667 2564 3721 tuas
2606 3657 2855 3738 literas,
2905 3659 3132 3741 Basili,
3177 3662 3518 3744 praeterito
3563 3660 3757 3724 lunio
3805 3661 4011 3734 dataS,
4048 3667 4119 3725 ut
4166 3663 4585 3745 συλλήβὸῖην,

1065 3795 1476 3858 occasionem
1521 3792 1924 3857 rescribendi
1965 3814 2081 3877 per
2127 3791 2265 3856 doc.
2315 3791 2841 3856 Carolostadium
2887 3801 3122 3856 nactus
3166 3794 3614 3879 respondeam.
3702 3793 3812 3857 Ad
3859 3796 4108 3881 priores
4151 3798 4244 3859 sic
4289 3796 4578 3860 habeto:

1063 3926 1458 3990 sententiam
1518 3925 1679 3988 mihi
1726 3924 2160 4010 Praeceptoris
2200 3925 2325 3998 tui,
2371 3924 2594 3989 studia
2638 3933 2757 3988 tua
2801 3924 3364 4010 disputationibus
3410 3925 3711 3989 adiuvari
3758 3927 4217 4002 existimantis,
4278 3930 4582 3994 omnibus

1060 4057 1269 4122 modis
1312 4059 1606 4144 probari3
1654 4066 1915 4123 constat
1958 4060 2132 4123 enim
2175 4058 2548 4122 huiusmodi
2595 4059 2769 4123 ultro
2817 4062 3112 4144 citroque
3159 4060 3623 4125 collationibus
3666 4060 3936 4145 ingenia
3978 4060 4417 4126 studiosorum
4466 4085 4574 4127 ex-

1063 4193 1257 4256 citari
1301 4199 1370 4256 et
1411 4191 1728 4256 iudicium
1772 4193 1956 4272 acui,
2026 4192 2216 4256 modo
2263 4192 2596 4270 φιλαυτία
2642 4199 2710 4256 et
2751 4194 2954 4257 nimia
3000 4193 3350 4257 altercatio
3417 4192 3611 4274 absit,
3667 4193 3907 4277 quibus
3960 4194 4395 4279 regnantibus
4451 4218 4582 4261 non

1058 4326 1312 4389 veritas
1364 4326 1432 4388 in
1487 4326 1808 4411 profundo
1856 4326 2070 4390 latens
2113 4327 2416 4406 inveniri,
2467 4325 2580 4390 sed
2626 4327 2899 4390 inventa
2943 4328 3143 4391 etiam
3189 4328 3409 4391 amitti
3454 4328 3644 4391 solet.
3734 4328 3880 4412 Ego
3926 4326 4189 4412 quidem
4234 4330 4303 4392 in
4350 4329 4494 4393 loco
4541 4353 4584 4395 a

1060 4464 1127 4523 te
1174 4459 1456 4544 exempli
1503 4480 1702 4522 causa
1746 4459 1961 4523 literis
2001 4459 2271 4539 insertO,
2312 4480 2545 4544 nempe
2590 4461 3047 4525 {estimationis
3091 4462 3322 4544 quanti
3368 4461 3654 4545 plurimi,
3701 4483 3784 4524 an
3829 4461 3911 4524 ad
3958 4467 4218 4546 tempus
4262 4483 4340 4526 ea
4385 4484 4582 4528 morae

692 4682 699 4688 ¹
1061 4614 1145 4656 an
1191 4612 1345 4656 vero
1388 4592 1530 4656 litis
1574 4593 1760 4657 initae
1802 4594 2155 4672 referatur,
2202 4594 2362 4656 item
2394 4600 2822 4677 augmentum
2855 4615 3058 4658 necne
3091 4602 3159 4658 et
3189 4593 3672 4658 decrementum
3699 4596 4005 4680 accipiat,
4050 4593 4310 4676 Socino,
4358 4594 4578 4676 Detio,

1059 4724 1317 4803 Iasone,
1363 4725 1557 4790 Zasio
1602 4732 1670 4790 et
1715 4725 1984 4789 Alciato
2030 4725 2206 4789 inter
2249 4746 2316 4788 se
2363 4725 2799 4806 variantibus,
2844 4725 3272 4802 intercedere,
3318 4748 3433 4791 seu
3477 4749 3687 4791 meam
3734 4727 3858 4791 tibi
3908 4729 4130 4813 potius
4175 4731 4574 4793 sententiam

1059 4861 1315 4945 aperire
1360 4880 1857 4945 proposueram,
1903 4859 2014 4923 sed
2061 4862 2334 4943 negotia
2379 4867 2624 4943 praeter
2668 4861 3194 4942 expectationem
3239 4862 3620 4945 ingruentia
3665 4860 3796 4924 alio
3837 4881 3940 4924 me
3972 4869 4368 4945 rapuerunt3
4417 4864 4577 4947 quin

1058 4995 1253 5057 immo
1315 5014 1397 5056 ne
1450 4995 1700 5058 otiosus
1759 5014 2018 5078 quoque
2079 4990 2574 5074 παναθηιναίων
2625 4997 2827 5076 atque
2871 4992 3034 5056 adeo
3080 4998 3229 5077 post
3271 4993 3526 5067 festum,
3571 4991 3746 5077 quod
3791 4992 4056 5069 dicitur,
4104 4999 4373 5078 propter
4417 5015 4578 5056 nun-

1060 5125 1304 5188 ciorum
1336 5127 1680 5189 raritatem
1713 5125 2025 5206 venirem,
2072 5147 2212 5190 sum
2244 5124 2640 5189 subveritus.
2729 5123 2906 5190 Cave
2951 5133 3194 5205 autem,
3227 5123 3321 5188 fili
3361 5126 3470 5197 mi,
3504 5125 3875 5190 istiusmodi
3906 5125 4383 5190 dissensionum
4415 5146 4575 5210 ergo

1058 5258 1346 5321 animum
1391 5257 1817 5344 despondeas.
1922 5258 2009 5324 Ut
2054 5265 2156 5322 tot
2214 5258 2563 5343 opionibus
2621 5279 3013 5344 premamur,
3068 5260 3543 5345 interpretibus
3599 5261 3668 5324 in
3734 5267 3871 5324 tam
3928 5261 4150 5324 varias
4205 5259 4575 5324 sententias

1058 5390 1568 5470 discedentibus,
1632 5414 1761 5456 non
1827 5399 1964 5456 tam
2030 5391 2326 5455 naturali
2387 5390 2720 5455 hominum
2787 5390 2867 5456 ad
2933 5390 3451 5457 dissentiendum
3515 5393 3851 5473 facilitati,
3918 5414 4050 5478 qua
4108 5394 4189 5458 de
4247 5391 4576 5477 Ulpianus

1056 5532 1297 5608 noster,
1344 5526 1836 5612 imputabimuS,
1892 5547 2087 5610 quam
2145 5526 2295 5590 aliis
2356 5525 2605 5607 causis,
2662 5524 2814 5588 dum
2869 5525 2978 5589 vel
3021 5525 3636 5620 hicqostentationis
3680 5547 3875 5610 quam
3919 5527 4225 5591 veritatis
4270 5524 4571 5611 cupidior

3525 5749 3620 5754 ᾖ
3623 5751 3926 5755 ------
3941 5749 4062 5755 ---
4099 5681 4752 5755 ψ--ρλ
