4914 6782
866 547 962 697 Γ
2796 669 2866 727 1..

2685 780 2962 787 *ᾖ

968 994 973 1003 ⁶
1070 918 1271 980 etiam
1316 923 1519 1001 atque
1565 915 1764 978 etiam
1809 937 1926 1000 pro
1972 914 2148 977 virili
2196 934 2384 994 cave,
2428 936 2588 999 erga
2634 936 2855 978 omnes
2901 937 3014 1000 pro
3059 914 3353 998 benigni,
3394 914 3485 998 pii
3532 934 3609 977 ao
3647 912 4021 977 tractabilis
4051 912 4315 997 juvenis
4343 919 4584 975 natura

1068 1047 1415 1111 officiosus.
1503 1047 1832 1111 Malorum
1862 1048 2246 1111 societatem
2279 1047 2421 1110 vita
2454 1068 2616 1111 cane
2647 1047 2835 1131 peius
2869 1055 2937 1111 et
2967 1068 3203 1133 angue.
3249 1046 3401 1110 Non
3426 1054 3562 1111 tam
3593 1046 3781 1110 bonis
3809 1045 4100 1109 moribus
4131 1066 4338 1130 prava
4384 1044 4582 1108 collo-

1067 1181 1223 1264 quia
1254 1181 1753 1262 incommodant,
1801 1202 1996 1264 quam
2028 1180 2348 1244 malorum
2381 1179 2855 1244 consuetudine
2889 1181 3381 1265 corrumpimur.
3447 1179 3777 1255 Ebriosus,
3808 1181 4024 1265 inquit
4067 1179 4204 1260 ille,
4251 1181 4582 1243 convicto·

1065 1336 1169 1379 res
1199 1316 1269 1379 in
1302 1336 1587 1379 amorem
1617 1316 1755 1379 vini
1788 1315 2066 1399 pellicit,
2113 1313 2592 1399 impudicorum
2637 1322 2843 1379 coetus
2890 1305 3258 1398 utrumque,
3307 1315 3542 1378 fortem
3589 1321 3657 1378 et
3700 1314 4028 1400 pudicum,
4066 1315 4340 1381 emollit.
4404 1312 4580 1387 Quid

1067 1448 1303 1535 plura?
1350 1449 1522 1513 tales
1556 1448 1912 1529 evadimus,
1961 1448 2188 1532 quales
2219 1456 2371 1512 sunt
2396 1440 2634 1533 quibus
2659 1469 2802 1511 cum
2829 1447 3113 1511 vivimus
3146 1494 3159 1508 .
3194 1445 3390 1527 Cave,
3439 1468 3618 1529 cave,
3654 1445 3751 1510 fili
3772 1448 3882 1528 mi,
3916 1470 3954 1511 a
3978 1446 4254 1533 perditis
4286 1440 4353 1510 e⁰t
4371 1446 4581 1511 malie.

1071 1584 1272 1649 Cuius
1294 1584 1392 1646 rei
1437 1604 1635 1647 causa
1679 1584 1850 1646 istuc
1896 1582 2228 1667 profectus
2272 1583 2360 1644 sis
2403 1602 2668 1663 memor,
2724 1581 2929 1645 bonas
2971 1581 3166 1644 horas
3208 1580 3374 1645 bene
3425 1580 3703 1651 colloca,
3769 1603 3991 1665 parem
4047 1582 4370 1646 rationem
4412 1581 4580 1645 inte-

1065 1718 1333 1803 gritatis
1376 1738 1626 1780 morum
1673 1723 1740 1779 et
1784 1716 2147 1779 studiorum
2193 1714 2513 1800 legalium
2557 1715 2835 1797 habens3
2881 1715 3062 1779 nullo
3108 1716 3353 1778 maiore
3398 1714 3717 1779 beneficio
3762 1722 4102 1799 parentem
4148 1715 4345 1796 filius,
4393 1715 4581 1779 nulla

1064 1852 1308 1915 maiore
1353 1851 1603 1914 laeticia
1647 1850 1927 1924 adficieS‚
1975 1871 2169 1933 quam
2214 1850 2267 1912 si
2316 1856 2382 1913 te
2428 1849 2729 1912 reducem
2774 1870 2901 1912 non
2946 1857 3083 1912 tam
3150 1848 3365 1913 literis
3432 1870 3627 1932 quam
3686 1850 3933 1912 sanctis
3976 1847 4268 1912 moribus
4313 1870 4579 1932 operam

1063 2007 1341 2049 navasse
1388 1960 1873 2068 deprehendero
1907 2005 1922 2061 3
1955 1983 2077 2046 hoc
2122 1984 2272 2046 volo
2306 2032 2320 2063 ,
2353 1984 2478 2046 hoc
2521 1983 2734 2063 iubeo.
2791 1984 2914 2047 hoc
2985 2004 3102 2067 pro
3171 1983 3388 2067 patria
3447 1989 3780 2066 potestate
3825 1981 4083 2073 mando.
4177 1981 4378 2044 Proin
4424 1983 4582 2066 quia

1064 2119 1404 2183 dimidium
1451 2119 1611 2182 facti
1659 2119 1769 2201 qui
1814 2117 1983 2181 bene
2031 2119 2231 2203 coepit
2288 2118 2505 2191 habet,
2563 2139 2772 2180 novus
2820 2116 3267 2181 Iustinianeus
3313 2115 3655 2179 elementis
3701 2117 3838 2179 sive
3886 2115 4427 2181 Institutionibus
4472 2116 4583 2180 Iu-

1063 2255 1334 2318 stiniani
1380 2262 1446 2317 te
1492 2261 1704 2316 totum
1750 2252 1967 2331 dedaS,
2014 2251 2276 2336 legibus
2324 2259 2428 2336 (ut
2475 2251 2844 2335 appellant)
2903 2252 2957 2314 si
3017 2271 3162 2334 quae
3208 2251 3290 2312 ab
3350 2251 3669 2314 Accursio
3727 2252 4019 2315 citantur
4076 2252 4155 2314 ad
4205 2250 4581 2315 Pandectas

1065 2396 1132 2451 ct
1177 2387 1501 2467 (lodic-em,
1549 2387 1720 2471 quod
1765 2386 1875 2450 vel
1920 2386 2200 2471 probent
2245 2385 2353 2449 vel
2413 2384 2497 2447 ad
2545 2406 2678 2448 rem
2723 2386 2993 2464 faciant,
3042 2383 3400 2469 diligenter
3445 2383 3706 2448 collatis
3742 2432 3755 2446 .
3803 2385 4102 2449 Accedat
4147 2375 4581 2471 hisdiligens

1063 2522 1262 2585 lectio
1311 2522 1688 2607 regularum
1734 2522 1894 2584 iuris
1940 2542 2085 2584 cum
2125 2527 2417 2584 tractatu
2467 2518 2545 2582 de
2604 2518 2950 2581 verborum
3008 2526 3074 2581 et
3125 2539 3341 2581 rerum
3401 2517 3902 2603 significatione,
3949 2518 4013 2580 id
4062 2518 4232 2602 quod
4280 2517 4575 2600 Aleiato,

1063 2676 1293 2739 parum
1340 2655 1493 2718 olim
1544 2656 1972 2740 promoventi,
2018 2655 2086 2717 in
2132 2654 2293 2717 iuris
2337 2652 2577 2716 studiis
2618 2651 2905 2715 feliciter
2950 2651 3413 2736 progrediendi
3455 2653 3629 2715 viam
3655 2654 3936 2737 aperuit.
3999 2652 4088 2716 Et
4132 2652 4293 2731 haec,
4337 2660 4584 2737 praeter

1061 2787 1381 2851 lectiones
1426 2786 1746 2871 publicaS,
1791 2808 1954 2870 quas
1999 2784 2121 2849 tibi
2168 2789 2536 2870 praeceptor
2602 2782 2963 2846 audiendas
3009 2784 3432 2867 consuluerit,
3498 2787 3830 2849 ordinaria
3891 2794 4007 2850 tua
4073 2786 4294 2850 studia
4361 2793 4577 2850 sunto,

1070 2919 1396 2983 Caeterum
1443 2921 1511 2983 in
1561 2918 2106 2983 extraordinariis
2152 2917 2486 2981 suffecerit
2535 2917 2723 2980 unius
2768 2916 3102 2981 Ciceronis
3148 2927 3215 2981 et
3257 2919 3602 2982 moralium
3652 2921 4041 2984 Aristotelis
4085 2921 4289 2985 lectio
4325 2972 4337 2985 .
4371 2920 4584 2984 Audi-

1062 3054 1218 3116 visti
1266 3055 1487 3138 sepius
1531 3075 1569 3116 a
1614 3076 1737 3131 me,
1782 3056 2035 3118 variam
2080 3056 2429 3121 lectionem
2476 3059 2829 3135 oblectare,
2878 3070 3124 3123 certam
3170 3060 3506 3145 prodesse,
3556 3068 3622 3123 et
3669 3060 3984 3124 Budaeum
4032 3062 4245 3125 dicere
4287 3061 4576 3137 solitum,

1061 3209 1187 3250 non
1233 3188 1445 3252 multa
1488 3188 1772 3273 legenda
1818 3212 1977 3271 csse,
2024 3191 2137 3254 sed
2184 3192 2484 3255 multum.
2545 3192 2796 3255 Verum
2842 3192 2920 3256 de
2968 3192 3069 3256 his
3116 3193 3474 3277 aliquando
3521 3196 3727 3259 fusius
3773 3202 3840 3259 et
3885 3197 4280 3260 accuratius.
4340 3195 4579 3260 Libros

1060 3341 1097 3382 a
1143 3326 1209 3383 te
1255 3320 1634 3407 designatos
1677 3322 1870 3385 mitto
1919 3323 2441 3409 Argentoratum
2469 3325 2670 3389 ductu
2719 3333 2785 3389 et
2816 3348 3011 3389 suasu
3037 3327 3357 3413 Hervagii
3383 3328 3462 3391 ad
3488 3327 4030 3415 Christophorum
4059 3328 4576 3414 Riedlingerum‚

1062 3454 1201 3517 eius
1228 3454 1616 3536 institorem,
1666 3457 1850 3520 cuius
1894 3457 2245 3540 diligentia
2290 3459 2373 3522 ad
2420 3467 2487 3523 te
2530 3459 2946 3544 perferentur
2990 3482 3183 3545 spero
3247 3463 3322 3525 ad
3393 3464 3666 3548 primam
3725 3472 4081 3527 vecturam.
4170 3463 4344 3526 Nam
4389 3465 4581 3527 navis

1066 3589 1257 3652 hodie
1298 3590 1449 3652 binc
1498 3579 1961 3675 profecta'est.
2050 3593 2299 3656 Addidi
2344 3594 2536 3658 libris
2604 3596 3003 3659 vestimenta
3066 3597 3133 3659 in
3195 3605 3310 3659 tuo
3377 3598 3614 3660 scrinio
3681 3598 3971 3677 inventa,
4059 3599 4112 3661 si
4156 3598 4393 3681 quibus
4451 3598 4580 3662 tibi

1060 3733 1382 3808 praeterea
1413 3747 1574 3811 opus
1619 3726 1839 3807 fuerit,
1888 3727 1998 3790 sed
2046 3734 2115 3790 et
2160 3725 2411 3810 caligas
2457 3737 2525 3792 et
2566 3730 2945 3794 interiorem
2990 3731 3279 3794 tunicam
3323 3752 3437 3815 pro
3469 3731 3756 3794 moribus
3788 3733 4021 3816 patria>
4055 3732 4176 3795 tibi
4209 3733 4362 3796 istic
4409 3753 4578 3795 com-

1060 3857 1577 3943 parabis.Quod
1623 3861 1676 3923 si
1722 3862 2005 3945 pecunia
2050 3883 2244 3946 quam
2290 3869 2510 3925 tecum
2554 3861 2758 3926 habes
2811 3884 2940 3925 non
3005 3862 3311 3944 sufficiat,
3377 3865 3658 3927 maxime
3701 3885 3867 3948 equo
3911 3864 4060 3927 istic
4106 3886 4235 3927 non
4284 3864 4579 3948 vendito,

1058 3993 1170 4057 sed
1213 3993 1341 4057 huc
1386 3995 1673 4075 remiss0,
1718 3995 1958 4059 reseias
2004 4001 2478 4079 praeceptorem
2521 4003 2706 4058 tuum
2750 3993 2943 4058 fidem
2994 4015 3178 4059 suam
3210 4017 3325 4081 pro
3359 4003 3425 4060 te
3454 3997 4002 4080 interpositurum
4039 4017 4201 4061 esse.
4248 3997 4583 4081 Alloquar

1058 4127 1487 4213 Hervagium,
1532 4127 1959 4214 Isingrinium
2008 4135 2075 4192 et
2120 4127 2498 4212 Oporinum,
2545 4151 2626 4192 an
2672 4130 2969 4194 fortassis
3011 4128 3408 4214 bibliopolas
3439 4128 3892 4213 Tubingenses
3935 4130 4003 4192 in
4033 4129 4409 4193 nominibus
4436 4131 4578 4198 suis

1062 4267 1263 4344 atque
1296 4260 1459 4324 adeo
1492 4260 1822 4325 debitores
1852 4261 2160 4328 habeant.
2205 4262 2402 4325 Esset
2433 4260 2954 4326 commodissima
2993 4263 3289 4347 pecuniae
3320 4263 3494 4326 ultro
3528 4264 3825 4347 citroque
3850 4262 4350 4348 suppeditandae
4382 4265 4579 4344 rati0,

1059 4394 1112 4457 si
1160 4393 1317 4479 quid
1359 4394 1742 4480 bibliopolae
1788 4397 1992 4459 vestri
2037 4397 2279 4459 nostris
2324 4395 2672 4476 deberent3
2732 4394 2798 4458 id
2844 4395 2971 4459 tibi
3021 4402 3139 4459 aut
3190 4397 3580 4481 praeceptori
3636 4403 3751 4459 tuo
3808 4397 4094 4460 solutum
4142 4419 4265 4483 ego
4331 4399 4580 4463 nostris

1058 4528 1163 4591 hie
1208 4526 1567 4594 redderem.
1655 4528 1735 4592 In
1778 4530 2059 4613 pecunia
2102 4551 2296 4613 porro
2344 4528 2944 4620 dispensandapfili
2988 4530 3102 4611 mi,
3148 4530 3426 4615 frugalis
3472 4537 3633 4595 esto,
3722 4531 4010 4612 AmieOS,
4056 4533 4278 4616 inquit
4320 4532 4572 4616 Cicero,

1057 4661 1497 4744 observantia,
1542 4684 1647 4727 res
1690 4684 1849 4727 vero
1895 4664 2297 4748 parsimonia
2343 4663 2732 4728 retinentur.
2821 4663 3058 4726 Facies
3125 4664 3354 4748 itaque
3420 4671 3722 4748 sumptus
3768 4667 4171 4730 necessarios
4224 4674 4292 4730 et
4336 4665 4576 4741 utiles;

1057 4819 1203 4862 cum
1249 4798 1592 4862 ventribus
1638 4804 1706 4862 et
1751 4797 2207 4862 decoctoribus
2252 4797 2419 4862 nihil
2465 4798 2589 4862 tibi
2657 4818 2993 4862 commune
3041 4798 3186 4860 erit.
3275 4797 3448 4860 Nam
3515 4803 3589 4861 ut
3652 4798 3819 4861 nihil
3883 4799 4008 4863 tibi
4080 4798 4303 4864 deesse
4369 4801 4576 4864 velim

1056 4954 1204 5016 quae
1249 4932 1330 4995 ad
1391 4933 1643 4996 victum
1704 4939 1772 4996 et
1824 4932 2168 4996 honestum
2224 4933 2539 4997 vestitum
2596 4933 2946 5017 pertinent,
3003 4934 3101 4996 ita
3160 4931 3699 5017 prodigalitatem
3754 4933 3884 4996 καί
3947 4935 4061 5016 τήν
4117 4934 4422 4998 ἀσωτίαν
4463 4958 4571 5001 me

1054 5067 1424 5153 improbare
1468 5068 1809 5153 intelligas
1842 5116 1855 5131 .
1889 5065 2034 5140 Quo
2080 5067 2330 5132 referas
2374 5068 2576 5131 etiam
2620 5066 2868 5144 licebit,
2903 5067 2956 5129 si
2986 5066 3284 5129 fortassis
3313 5067 3522 5130 mutui
3548 5068 3806 5129 nomine
3833 5066 4301 5151 interpellatus
4328 5068 4576 5152 passim

1054 5206 1121 5267 in
1166 5203 1425 5288 magnis
1468 5202 1734 5266 summis
1779 5207 1845 5265 te
1891 5201 2153 5265 facilem
2198 5200 2519 5285 praebeaS.
2564 5200 2715 5263 Non
2739 5207 2841 5264 est
2869 5200 3180 5263 iuvenum
3214 5221 3491 5284 peregre
3523 5173 3967 5263 habitantium
3993 5200 4580 5285 καὶκύπεξουσιιὸν

1054 5338 1447 5403 inconsultis
1491 5336 1877 5423 parentibus
1921 5311 2221 5401 mutuum
2286 5336 2465 5400 dare.
2529 5336 2982 5419 Praeterquam
3054 5334 3222 5418 quod
3293 5355 3371 5397 ea
3432 5355 3536 5397 res
3597 5334 3981 5418 plerumque
4027 5334 4274 5397 malum
4325 5334 4577 5398 exitum

1056 5472 1278 5554 habet,
1324 5472 1401 5535 fit
1443 5471 1797 5566 proprium,
1845 5477 1921 5532 ut
1961 5469 2077 5533 ille
2123 5471 2341 5554 inquit
2385 5469 2560 5554 apud
2607 5468 2938 5549 Plautum,
2973 5490 3087 5553 pro
3119 5468 3397 5552 perdito,
3446 5475 3514 5530 et
3554 5475 3930 5552 repetentes
3983 5488 4063 5530 ex
4094 5467 4321 5530 amicis
4351 5475 4578 5530 nostra
