4914 6782
850 606 858 956 ί
2676 659 2959 756 -5-0-

2644 881 2985 946 xxxur

1922 1049 2273 1132 Basilius
2336 1050 2920 1131 Amerbachius
2983 1049 3404 1133 Bonifacio
3469 1055 3713 1161 pat-ri.

2324 1238 2462 1306 (Cod.
2502 1240 2770 1295 Basilicus.
2807 1240 2864 1294 G.
2906 1241 2946 1294 1.
2985 1244 3036 1296 8.
3075 1241 3156 1296 fol.
3191 1243 3293 1307 17.)

1336 1383 1774 1474 Amplissimo
1839 1385 2004 1456 Viro
2056 1384 2152 1455 D.
2203 1383 2563 1470 Bonifatio
2615 1386 3092 1476 Amet-bachio,
3133 1388 3415 1478 parenti
3469 1387 3886 1460 electris-simo.
3988 1391 4301 1461 Basileoe.

2648 1576 2656 1581 -
2662 1566 2820 1581 *Joe-V'fv‘
2825 1568 2944 1581 οΡ’«”“ν”ψ·

1307 1698 1373 1763 S.
1422 1700 1494 1762 P.
1585 1698 1798 1764 Grata
1843 1700 1969 1765 tibi
2013 1709 2213 1787 atque
2261 1710 2494 1788 optata
2541 1725 2686 1788 quae
2733 1712 3080 1790 preceptor
3133 1725 3314 1768 meus
3360 1704 3438 1767 de
3486 1707 3627 1768 vita
3671 1704 4038 1789 studiisque
4080 1707 4244 1770 meis
4310 1709 4447 1773 suis
4492 1710 4574 1772 ad

1056 1837 1123 1896 te
1169 1834 1551 1918 perscripsit
1594 1833 1809 1899 literis
1852 1856 1991 1899 esse
2038 1857 2164 1899 non
2211 1836 2461 1917 dubito,
2508 1838 2886 1902 charissime
2930 1845 3155 1923 pater3
3201 1839 3529 1923 praestabo
3561 1839 3773 1922 igitur
3804 1846 3873 1903 et
3918 1841 4153 1917 enitar,
4200 1847 4275 1903 ut
4319 1843 4388 1904 in
4434 1841 4574 1905 dies

1054 1966 1268 2050 magis
1312 1968 1652 2051 magisque
1699 1967 1840 2031 haec
1885 1989 2156 2032 nascens
2215 1970 2293 2033 de
2350 1992 2453 2034 me
2502 1971 2878 2055 duplicetur
2931 1973 3172 2057 opinio,
3264 1972 3361 2036 De
3410 1971 3676 2057 publica
3722 1995 3867 2038 mea
3913 1973 4363 2059 disputatione
4408 1975 4573 2038 nihil

1054 2098 1180 2163 tibi
1236 2106 1592 2183 antequam
1653 2108 1840 2164 certa
1884 2109 1951 2164 et
2006 2102 2351 2187 explorata
2396 2104 2615 2166 omnia
2673 2101 2982 2166 haberem
3028 2102 3314 2167 scribere
3360 2105 3559 2183 volui,
3611 2128 3690 2170 ne
3755 2114 3910 2171 ante
3962 2107 4350 2189 Victoriam,
4400 2106 4574 2192 quod

1056 2229 1317 2308 dicitur,
1363 2231 1801 2316 triumphasse
1849 2232 2128 2297 viderer.
2218 2234 2346 2298 Sed
2392 2242 2614 2299 tamen
2661 2258 2804 2299 cum
2852 2237 3088 2300 studiis
3132 2259 3261 2300 non
3306 2239 3544 2302 inutile
3575 2240 3737 2304 meis
3778 2241 4175 2306 existimarit
4205 2251 4576 2328 praeceptor

1054 2387 1256 2447 meus,
1320 2367 1378 2429 si
1442 2366 1701 2450 aliquot
1753 2368 2089 2431 axiomata
2149 2368 2414 2452 publice
2463 2368 2893 2443 defenderem,
2937 2368 3084 2432 idco
3130 2368 3250 2433 sub
3295 2370 3561 2433 initium
3603 2370 3939 2436 Caniculae
3985 2374 4252 2438 favente
4301 2374 4442 2438 Deo
4488 2375 4569 2440 de

1054 2521 1236 2563 mora
1283 2499 1628 2563 defendere
1660 2498 1917 2583 aliquot
1949 2499 2234 2563 conabor
2275 2502 2726 2585 pronuntiata.
2816 2502 2906 2565 Et
2947 2502 3095 2565 ideo
3142 2505 3454 2587 proximis
3496 2504 3728 2582 literis,
3776 2512 3851 2570 ut
3880 2507 4155 2571 Aemilii
4189 2508 4448 2573 Ferreti
4495 2508 4576 2573 de

1054 2633 1243 2696 Mora
1275 2640 1635 2697 tractatum
1677 2633 1975 2697 mitteres
2018 2634 2270 2719 rogavi,
2318 2635 2447 2717 qui,
2496 2643 2570 2696 ut
2607 2634 2894 2718 ingenue
2927 2633 3156 2710 fatear,
3196 2658 3324 2699 non
3356 2648 3493 2701 tam
3528 2639 3702 2702 iuvit
3733 2662 3925 2723 quain
3960 2640 4230 2703 dubium
4262 2641 4573 2706 reddidit.

1054 2766 1225 2830 Nam
1286 2788 1430 2831 cum
1488 2768 1603 2832 ille
1660 2769 1959 2832 consulto
2009 2790 2048 2831 a
2102 2768 2503 2832 Doctoribus
2562 2769 2666 2853 (ut
2721 2769 3028 2854 apparet)
3088 2770 3156 2834 in
3220 2771 3520 2836 omnibus
3576 2772 3711 2837 fere
3766 2776 4133 2855 recesserit,
4180 2796 4309 2838 non
4353 2778 4575 2860 potuit

1057 2902 1341 2980 evenire,
1388 2904 1545 2987 quin
1591 2926 1719 2967 non
1761 2903 2006 2967 multas
2050 2925 2255 2967 novas
2300 2901 2750 2967 introduceret
2794 2904 3153 2988 opiniones.
3243 2903 3638 2979 Cuiusmodi,
3685 2912 3760 2969 ut
3803 2905 3881 2970 de
3912 2907 4140 2971 multis
4186 2929 4381 2972 unam
4426 2908 4576 2973 seli-

1056 3059 1228 3123 gam,
1289 3058 1366 3101 ea
1424 3044 1539 3112 est,
1594 3038 1786 3101 Diem
1838 3059 1955 3122 pro
2002 3036 2262 3100 homine
2307 3059 2436 3100 non
2502 3036 2950 3122 interpellare,
3014 3059 3160 3122 quae
3216 3038 3477 3122 quidem
3543 3039 3843 3103 omnibus
3895 3040 4138 3105 nostris
4189 3063 4319 3105 non
4363 3042 4574 3106 solum

1054 3172 1360 3250 absurda,
1415 3171 1530 3235 sed
1576 3172 1775 3235 etiarn
1821 3171 2018 3258 plane
2065 3170 2472 3236 incredibilis
2518 3168 2800 3233 videtur.
2892 3168 3173 3255 Scripsit
3232 3189 3492 3254 quoque
3548 3168 3626 3233 de
3673 3169 3863 3233 Mora
3907 3176 4265 3235 tractatum
4311 3172 4408 3238 Io.
4457 3173 4573 3239 Sa—

1052 3314 1247 3393 porta
1271 3306 1699 3387 Tholosanus‚
1747 3307 1857 3390 qui
1907 3306 2304 3391 interpretes
2350 3327 2630 3390 quoque,
2680 3313 2754 3368 ut
2799 3304 3299 3369 Nectericorum
3345 3326 3484 3368 mos
3530 3312 3647 3384 est,
3696 3306 3762 3367 in
3807 3304 4035 3369 multis
4080 3328 4206 3370 non
4252 3309 4573 3393 sequitur,

1051 3442 1267 3505 minus
1329 3449 1550 3506 tamen
1611 3462 1650 3504 a
1694 3441 1856 3505 trita
1901 3447 2101 3525 atque
2148 3447 2463 3504 consueta
2509 3440 2618 3503 via
2664 3440 2969 3504 aberrare
3019 3438 3302 3503 videtur.
3395 3438 3645 3502 Praeter
3689 3438 3807 3503 hos
3853 3446 4112 3504 veteres
4158 3463 4418 3526 quoque
4465 3440 4572 3523 δὶς

1053 3578 1167 3641 διὰ
1210 3584 1469 3654 πασῶν,
1536 3575 1706 3660 quod
1753 3575 2013 3658 dicitur,
2062 3574 2454 3659 quandoque
2502 3573 2854 3649 dissident3
2920 3594 3069 3636 nam
3113 3579 3190 3636 ut
3239 3573 3317 3637 de
3361 3596 3436 3638 eo
3486 3573 3658 3660 quod
3696 3575 3765 3637 in
3817 3573 4120 3638 manibus
4172 3577 4306 3640 iam
4359 3576 4574 3643 habeo

1052 3711 1263 3775 solum
1318 3711 1674 3774 Axiomate
1731 3708 1961 3792 dicam,
2039 3709 2234 3773 Iason
2294 3710 2361 3772 in
2422 3709 2466 3770 l.
2513 3707 2735 3770 vinum
2810 3704 2876 3770 ff.
2939 3706 2993 3768 si
3062 3712 3221 3771 cert.
3283 3714 3491 3792 petat.
3563 3708 4066 3772 aestimationem
4133 3711 4365 3792 quanti
4432 3710 4576 3795 plu-

936 3919 946 3930 ,
1049 3845 1200 3909 rimi
1265 3844 1346 3908 ad
1413 3850 1672 3928 tempus
1733 3865 1930 3907 mora}
1995 3843 2233 3924 refert,
2302 3843 2548 3906 Decius
2610 3851 2832 3905 autem
2897 3848 2964 3905 et
3032 3841 3309 3906 Socinus
3373 3841 3513 3905 litis
3579 3842 3764 3905 initae
3832 3849 4092 3927 tempus
4144 3844 4576 3928 spectandum

1052 3982 1259 4043 aiunt.
1355 3975 1657 4041 Iasonem
1701 3977 1949 4058 ZasiuS,
2020 3975 2282 4040 Detium
2328 3979 2627 4061 sequitur
2671 3976 2996 4055 Alciatus‚
3063 3977 3173 4059 qui
3218 3982 3462 4061 praeter
3506 3983 3779 4039 caeteros
3819 3976 4020 4039 etiam
4067 3977 4575 4042 aestimationem

1049 4111 1235 4176 illam
1282 4112 1513 4196 quanti
1561 4111 1826 4195 plurimi
1872 4132 1999 4173 non
2040 4110 2272 4195 augeri
2317 4131 2530 4193 neque
2575 4108 2783 4172 minui
2814 4117 3055 4172 censet.
3145 4106 3402 4191 Itaque,
3451 4129 3597 4170 cum
3643 4113 3776 4170 tam
3809 4107 4035 4170 multae
4068 4114 4334 4193 tamque
4368 4111 4574 4172 variae

1052 4246 1394 4329 opiniones
1437 4243 1751 4320 incidant,
1805 4243 1932 4306 nisi
1966 4242 2394 4305 Aristarchus
2445 4241 2511 4304 id
2560 4249 2660 4304 est
2712 4247 3078 4325 praeceptor
3118 4245 3544 4318 succurreret,
3594 4239 3789 4325 plane
3842 4241 3946 4323 (ut
3991 4239 4220 4305 Cicero
4275 4238 4571 4323 dicebat)

1054 4401 1213 4464 quos
1264 4380 1559 4464 fugerem
1622 4376 1931 4441 haberem
1988 4375 2321 4462 plurimOS,
2380 4394 2541 4458 quos
2591 4394 2900 4457 sequerer
2953 4373 3298 4436 neminem.
3397 4371 3496 4436 De
3541 4371 3623 4434 D.
3671 4371 4023 4435 Francisco
4069 4371 4340 4436 Alciato
4386 4394 4572 4458 pero-

1051 4520 1269 4576 ratum
1328 4512 1498 4596 quod
1556 4510 1788 4575 scribis
1839 4511 1999 4574 mihi
2043 4510 2192 4588 fuit,
2238 4516 2309 4573 tu
2355 4516 2594 4587 tamen,
2649 4509 2762 4592 qui
2809 4508 2919 4572 ubi
2965 4528 3104 4572 esse
3151 4504 3464 4591 expediat
3507 4528 3635 4569 non
3681 4507 3967 4591 ignoras,
4035 4526 4112 4570 ea
4156 4506 4236 4570 de
4277 4529 4348 4570 re
4397 4507 4571 4592 quod

1049 4644 1388 4708 videbitur
1441 4651 1712 4708 statues.
1798 4643 1976 4706 Bene
2022 4642 2190 4723 vale,
2239 4640 2630 4706 Charissime
2679 4647 2886 4727 pater.
2986 4640 3252 4726 Raptim
3298 4639 3667 4724 Thubingae
3726 4640 3804 4703 10
3849 4637 4044 4705 Iunii.
4139 4638 4209 4704 Is
4271 4642 4384 4725 qui
4445 4641 4570 4705 tibi

1052 4777 1170 4842 has
1215 4777 1417 4852 dabit,
1457 4776 1743 4841 Musculi
1787 4775 1963 4840 filius
2009 4783 2129 4840 est.

2283 4908 2465 4973 Tuus
2512 4907 3084 4973 obedientissimus
3126 4907 3302 4972 filius
3345 4910 3693 4974 Basilius
3737 4909 4339 4974 Amerbachius.

1251 5071 1599 5136 (Praesentatae
1635 5072 1711 5125 16.
1748 5069 1885 5124 Iunii
1919 5071 1994 5124 A⁰
2044 5070 2149 5130 53.)

846 5339 853 5688 Ι
2557 5465 3014 5482 ΝΝθΙΝΝ-’Νΐιθ
3019 5465 3044 5481 ae
