4914 6782
4754 560 4768 581 Σ

2732 647 2813 712 22

1002 850 1084 915 ad
1116 850 1258 916 eius
1287 854 1706 916 sacrosancta
1749 854 2085 936 praecepta
2126 852 2335 913 temet
2379 848 2838 933 composueris,
2884 849 3144 934 reliqua
3188 849 3408 912 omnia
3451 847 3972 912 cumulatissime
4002 846 4530 933 suppeditabun-

797 2408 803 2839 *c——C-—2m
798 2232 803 2359 ,μ
796 969 804 2175 ———.——.———-——-——-—-—

806 5703 1220 5760 ,NR-*d

999 990 1129 1051 tur.
1216 984 1327 1049 An
1369 983 1577 1049 libros
1619 983 2073 1070 Argentorato
2119 983 2478 1068 acceperis,
2521 984 2817 1067 proximo
2874 983 3113 1047 nuncio
3173 980 3441 1047 scribes.
3531 982 3630 1046 De
3693 1001 3892 1045 aureo
3938 980 4266 1046 Lusitano
4309 1001 4528 1067 nuper

999 1119 1216 1202 misso,
1260 1094 1418 1203 quid
1463 1118 1896 1182 communiter
1937 1117 2137 1183 isthic
2178 1115 2323 1181 fieri
2387 1116 2602 1180 soleat
2642 1114 2932 1196 edoctus,
2995 1115 3078 1179 ad
3142 1116 3559 1201 interrogata
3623 1122 3742 1181 tua
3808 1089 3903 1180 sic
3968 1116 4353 1201 respondeo.
4441 1114 4521 1181 Si

1000 1252 1113 1337 qui
1159 1271 1240 1315 ex
1285 1249 1778 1315 convictoribus
1819 1249 1992 1314 domi
2016 1254 2151 1313 tuae
2199 1249 2528 1314 dominam
2570 1254 2795 1313 strena
2830 1268 3176 1312 munerare
3206 1249 3440 1322 solent,
3472 1250 3598 1313 tibi
3630 1249 3803 1314 idem
3834 1249 4239 1321 faciendum:
4284 1249 4340 1313 si
4362 1269 4524 1312 vero

1000 1385 1189 1467 nulli,
1234 1406 1463 1449 rursus
1494 1383 1621 1449 tibi
1660 1383 1828 1449 nihil
1871 1390 2119 1449 temere
2162 1382 2540 1448 novandum
2585 1403 2759 1464 esse3
2803 1402 2885 1446 ne
2931 1381 3041 1446 vel
3082 1382 3239 1445 novi
3283 1380 3482 1445 moris
3524 1381 3783 1461 author,
3831 1380 3941 1443 vel
3972 1381 4374 1466 captationis
4418 1381 4521 1443 in-

1000 1517 1352 1583 simulatus
1394 1516 1567 1581 male
1612 1512 1891 1580 audias(
1928 1513 2110 1589 Quas
2153 1519 2345 1579 notas
2373 1516 2430 1580 si
2475 1521 2542 1580 te
2590 1514 2880 1601 effugere
2926 1536 3113 1601 posse
3163 1514 3533 1595 credideris,
3579 1521 3701 1579 τοῦ
3743 1515 3974 1602 ξενίου
4019 1513 4217 1580 ἕνεκα
4260 1515 4375 1579 καὶ
4419 1518 4522 1595 εἰς

998 1649 1448 1737 μνημόσυνον
1507 1655 1719 1736 gratae
1762 1650 2131 1714 voluntatis
2173 1649 2453 1713 dominae
2495 1657 2573 1715 ut
2615 1650 2729 1715 des
2774 1649 3062 1717 consulo.
3150 1650 3335 1715 Idem
3380 1651 3590 1716 sentio
3649 1650 3727 1715 de
3771 1650 4113 1736 horologio
4169 1650 4523 1716 harenario

999 1785 1408 1870 Praeceptori
1452 1789 1568 1848 tuo
1615 1783 1848 1865 dando,
1897 1783 2005 1847 cui
2050 1804 2192 1847 cum
2240 1789 2309 1847 te
2353 1784 2492 1849 tuis
2538 1784 2847 1860 moribus,
2897 1791 3224 1869 quatenus
3270 1805 3351 1847 ex
3395 1784 3603 1869 ipsius
3656 1783 3871 1848 literis
3913 1784 4241 1869 intelligo,
4288 1782 4523 1869 adpro·

999 1919 1196 2002 baria,
1240 1920 1348 1983 fac
1391 1920 1491 1983 tui
1533 1917 1769 1983 similis
1812 1918 1921 2000 sis,
1969 1924 2038 1982 et
2078 1917 2178 1982 ita
2223 1922 2290 1982 te
2332 1939 2545 2003 geras,
2592 1940 2674 1982 ne
2722 1918 2843 1982 ulli
2888 1917 2967 1982 de
3014 1926 3080 1982 te
3124 1919 3304 1981 iusta
3349 1917 3790 2004 conquerendi
3820 1919 4101 1984 materia
4123 1918 4520 2004 praebeatur,

1002 2075 1150 2117 cum
1193 2054 1364 2117 domi
1408 2058 1551 2117 tum
1594 2051 1753 2116 foris
1799 2072 1960 2133 erga
2003 2073 2227 2116 omnes
2272 2052 2493 2134 comiS,
2538 2052 2864 2138 benignus
2910 2058 2978 2116 et
3020 2053 3266 2116 nemini
3313 2051 3646 2133 molestus,
3693 2052 3996 2137 inprimis
4036 2073 4192 2116 vero
4236 2072 4522 2137 praecep·
4573 2116 4586 2125 ,

1000 2188 1164 2252 toris
1211 2193 1280 2252 et
1322 2187 1517 2251 sociae
1562 2186 1936 2250 observans.
2027 2186 2404 2267 Pecuniam,
2454 2187 2508 2251 si
2554 2208 2684 2271 qua
2727 2208 2845 2272 pro
2891 2187 3190 2250 vestibus
3235 2184 3655 2249 conficiendis
3702 2190 3771 2248 et
3813 2183 4089 2269 reliquis
4135 2184 4523 2269 indigueris,

1001 2342 1041 2384 a
1088 2319 1464 2405 Bibliopola
1517 2319 1807 2405 accipias
1852 2319 2103 2400 licebit,
2152 2317 2308 2383 dato
2355 2317 2812 2404 chirographO,
2887 2318 3060 2403 quod
3126 2318 3320 2382 simul
3383 2324 3587 2403 atque
3655 2317 3738 2382 ad
3782 2318 4211 2403 Isingrinium
4254 2318 4524 2383 missum

1000 2453 1221 2534 fuerit,
1268 2452 1512 2516 curabo
1559 2458 1638 2517 ut
1676 2472 1911 2516 nomen
1960 2450 2379 2517 dissolvatur.
2470 2448 2644 2524 Quid
2711 2472 2893 2537 agae,
2963 2457 3033 2516 et
3095 2472 3257 2536 quos
3319 2452 3388 2514 in
3454 2452 3694 2517 studiis
3760 2451 4093 2538 legalibus
4137 2472 4524 2538 progressus

998 2587 1207 2651 facias
1236 2587 1401 2651 scire
1436 2585 1649 2672 cupio,
1681 2585 1910 2662 Basili,
1956 2583 2052 2648 fili
2097 2585 2205 2667 mi,
2251 2585 2667 2669 maximeque
2710 2589 2779 2648 te
2824 2583 3047 2648 valere
3094 2587 3308 2671 cupio.
3356 2585 3584 2679 Nostri
3621 2608 3843 2651 omnes
3879 2585 4109 2650 valent
4153 2592 4222 2649 et
4267 2592 4333 2650 te
4380 2585 4524 2670 plu·

1001 2722 1282 2807 primum
1325 2721 1642 2802 salutant,
1689 2720 1989 2805 inprimis
2033 2740 2190 2783 vero
2235 2718 2533 2790 Iuliana;
2579 2719 2707 2783 nisi
2751 2719 3044 2803 proxime
3101 2718 3184 2782 ad
3241 2740 3310 2784 se
3371 2741 3630 2805 quoque
3693 2721 4050 2804 scripseris,
4115 2720 4524 2783 invectivam

999 2857 1307 2921 minatur.
1419 2855 1599 2919 Bene
1667 2854 1836 2936 vale,
1901 2853 1998 2918 fili
2068 2852 2467 2918 charissime.
2525 2851 2627 2918 20.
2675 2851 3031 2917 Novembr.
3090 2853 3197 2916 vel
3265 2852 3361 2918 12.
3430 2850 3573 2918 Cal.
3635 2852 3982 2917 Decembr.
4061 2854 4257 2916 Anno
4302 2852 4391 2916 M.
4440 2852 4522 2916 D.

1000 2988 1154 3053 LII.
1202 2989 1506 3053 Basileae.

1250 3122 1590 3208 Temporis
1635 3122 1947 3208 angustia
1992 3118 2323 3202 excludor,
2372 3118 2722 3203 quominus
2780 3115 2862 3180 ad
2910 3116 3341 3181 clarissimum
3400 3116 3736 3193 ¹dominum
3783 3115 4316 3181 Vuarnbulerum
4361 3138 4523 3202 prae-

1003 3261 1335 3340 ceptorem
1379 3260 1567 3318 tuum
1610 3254 1897 3318 scribere
1940 3253 2201 3338 possim.
2266 3250 2388 3318 Cui
2431 3260 2507 3316 tu
2551 3272 2653 3316 me
2697 3257 3080 3315 reverenter
3135 3251 3333 3314 etiam
3388 3258 3587 3336 atque
3635 3252 3836 3315 etiam
3892 3251 4291 3317 commenda.
4353 3250 4523 3316 Scri-

999 3388 1153 3453 bam
1198 3388 1493 3474 proximo
1539 3389 1797 3454 nunciO.

2964 3521 3424 3587 Bonifacius
3471 3522 4074 3599 Amerbachius‚

3291 3674 3527 3738 parens
3572 3660 3744 3717 tuus,

2700 4453 2822 4518 XI.

1892 4628 2358 4713 Bonifacius
2423 4629 3010 4711 Amerbachius
3072 4628 3238 4711 filio
3304 4626 3640 4710 Basilio.

2188 4818 2319 4884 <Coa
2361 4818 2629 4874 Basiuens.
2666 4818 2729 4873 G.
2766 4818 2832 4873 11.
2875 4819 2950 4874 14.
2988 4819 3075 4873 f01.
3115 4819 3251 4880 174.)

1505 4962 1776 5035 Basilio
1828 4962 2305 5053 Amerbachio,
2361 4964 2552 5035 Iuris
2601 4964 2898 5036 studioso
2955 4963 3294 5055 Τιιϋὶηραε,
3348 4965 3488 5054 filio
3541 4964 3700 5036 bene
3752 4965 4014 5035 dilecto,

1253 5263 1320 5330 S.
1368 5264 1444 5328 P.
1491 5263 1706 5328 Hodie
1751 5269 2025 5328 octavus
2069 5265 2297 5349 agitur
2335 5263 2491 5338 dies,
2523 5263 2749 5346 Basili,
2797 5285 2944 5328 cum
2990 5286 3108 5349 per
3148 5265 3580 5330 illustrissimi
3609 5262 3934 5350 Principis
3972 5268 4284 5330 nuncium
4329 5266 4413 5330 ad
4455 5271 4524 5330 te

1002 5397 1257 5483 scripsi,
1303 5417 1449 5481 quae
1494 5402 1638 5461 tum
1684 5398 1753 5460 in
1795 5400 2084 5460 mentem
2126 5401 2455 5461 venerunt
2500 5403 2569 5462 et
2610 5397 2956 5463 scribenda
2999 5397 3418 5464 videbantur.
3465 5398 3655 5463 Nunc
3700 5420 3855 5463 vero
3907 5419 4054 5462 cum
4087 5399 4253 5463 nihil
4298 5419 4523 5462 occur-

998 5538 1128 5613 rat,
1159 5532 1360 5596 Petro
1405 5523 1659 5595 nuncio
1690 5532 1821 5596 iam
1865 5530 1986 5596 sub
2011 5551 2353 5617 vesperam
2375 5536 2619 5617 praeter
2644 5532 3173 5617 expectationem
3204 5529 3560 5596 discessum
3590 5551 3779 5594 suum
3812 5529 4028 5595 isthuc
4061 5528 4523 5613 adnunciante,

4732 5339 4738 5552 ῐ

4731 5589 4734 5638 l

4714 5655 4732 5718 ,J

4307 5724 4712 5758 ——J
