4914 6782
2027 670 2103 733 37

2002 869 2157 933 XX.

1188 1044 1658 1126 Bonifacius
1726 1044 2318 1126 Amerbachius
2383 1040 2690 1125 Basilio
2755 1039 2946 1122 filio.

1551 1208 1692 1269 (eod.
1728 1209 1989 1263 Basilicus.
2033 1207 2094 1261 G.
2130 1208 2199 1262 11.
2235 1208 2310 1260 14.
2351 1208 2432 1261 fol.
2478 1207 2616 1272 181.)

469 1355 742 1427 Basilio
793 1355 1270 1445 Amerbachio,
1324 1356 1516 1426 Iuris
1564 1355 1882 1443 studiose,
1944 1354 2278 1444 Tecbz‘nyoe,
2334 1354 2476 1442 filio
2528 1351 2946 1423 charissimo,
3054 1349 3144 1418 In
3196 1350 3364 1420 leern
3418 1351 3654 1421 doctor

1238 1504 1610 1575 Niclausen
1674 1502 2108 1576 Vaarnbaler
2161 1503 2358 1572 Hans
2409 1525 2484 1572 ze
2541 1500 2905 1592 Tubinyen.

1926 1684 2171 1698 ”ss-‘uaemm¹*-·

564 1823 629 1888 S.
678 1823 751 1888 P.
838 1822 1169 1907 Respondi
1203 1821 1285 1884 ad
1332 1822 1718 1885 novissimas
1753 1830 1901 1885 tuas
1933 1824 2185 1904 literaS‚
2222 1823 2444 1904 Basili,
2481 1825 2819 1908 praeterito
2853 1824 3162 1889 Ianuario
3198 1825 3337 1887 fuse
3385 1847 3501 1910 per
3551 1825 3836 1890 Christo-

315 1957 589 2041 phorum
632 1955 819 2036 HeSS,
867 1955 1156 2020 Illustris
1210 1956 1529 2040 Principis
1577 1954 2040 2035 Secretarium,
2087 1956 2193 2019 cui
2238 1966 2378 2019 tum
2425 1957 2668 2041 viginti
2722 1979 2981 2042 quoqne
3043 1967 3384 2021 coronatos
3435 1956 3840 2023 Caesarianos

314 2110 618 2174 (quorum
661 2090 994 2153 estimatio
1039 2091 1321 2175 triginta
1369 2110 1714 2153 aureorum
1761 2089 1828 2151 in
1875 2095 2140 2152 moneta
2187 2091 2318 2171 est)
2376 2089 2457 2151 ad
2501 2097 2567 2153 te
2615 2091 3032 2175 perferendos
3076 2093 3141 2155 in
3182 2099 3527 2156 numerato
3576 2098 3644 2157 et
3685 2115 3839 2156 usus

316 2233 462 2285 tuos
520 2221 690 2286 dedi.
785 2222 864 2285 Id
910 2222 1082 2307 quod
1130 2243 1380 2285 mecum
1426 2220 1754 2306 prandens
1799 2242 1865 2283 se
1914 2220 2241 2283 facturum
2287 2221 2461 2284 bona
2504 2222 2629 2285 fide
2673 2224 2946 2307 recepit.
3035 2224 3173 2287 Nec
3217 2225 3426 2288 multo
3473 2231 3622 2310 post
3687 2225 3840 2289 Phi-

318 2358 568 2441 lippum
624 2357 940 2420 Bechium
995 2358 1166 2420 istuc
1228 2357 1652 2441 cogitantem,
1711 2353 1958 2416 nullam
2004 2353 2336 2416 salutandi
2387 2361 2453 2417 te
2502 2355 2909 2417 occasionem
2956 2355 3373 2437 obmissurus,
3421 2357 3637 2421 literis
3680 2359 3843 2422 meis

319 2488 769 2554 instruendum
823 2490 1066 2569 censui,
1125 2510 1269 2552 cum
1336 2487 1497 2551 nihil
1549 2487 1729 2551 aliud
1779 2470 2107 2566 haberem}
2154 2487 2442 2571 priorum
2493 2486 3097 2571 significatricibus.
3187 2487 3436 2551 Verum
3483 2511 3629 2553 cum
3674 2491 3839 2553 nihil

319 2625 576 2685 interea
630 2642 670 2683 a
725 2628 792 2683 te
849 2620 1205 2700 adferatur,
1263 2619 1643 2683 diuturnum
1700 2620 2038 2684 silentium
2100 2628 2303 2699 mum,
2360 2628 2434 2683 ut
2488 2642 2592 2683 res
2639 2621 2910 2685 solliciti
2957 2630 3056 2685 est
3100 2622 3299 2707 plena
3345 2624 3602 2687 timoris
3647 2646 3843 2699 amor,

320 2754 475 2817 mihi
522 2776 651 2818 non
696 2752 910 2816 levem
950 2752 1466 2816 sollicitudinem
1513 2761 1797 2837 pareret,
1844 2753 1969 2816 nisi
2013 2754 2077 2813 iol
2126 2753 2512 2814 nunciorum
2558 2754 2845 2833 raritati,
2895 2755 2975 2818 ob
3023 2754 3168 2817 coeli
3215 2754 3495 2837 hyberni
3544 2756 3839 2834 iniuriaS,

321 2892 664 2972 acceptum
720 2888 977 2967 ferrem,
1035 2894 1102 2949 et
1162 2908 1241 2949 ex
1295 2885 1355 2948 d.
1406 2884 1809 2949 Varnbuleri
1864 2887 2290 2971 praeceptoris
2336 2887 2433 2949 tui
2480 2885 2715 2966 literis,
2772 2885 3010 2950 nudius
3055 2888 3293 2950 tertius
3339 2886 3459 2950 sub
3501 2908 3844 2973 vesperam

323 3022 617 3100 redditis,
665 3028 732 3084 et
770 3019 1116 3081 Lindaviae
1163 3019 1448 3104 scriptis,
1497 3028 1562 3082 te
1607 3028 1786 3083 recte
1834 3021 2054 3084 valere
2100 3018 2596 3084 intellexissem.
2688 3019 2944 3103 Itaque,
2991 3018 3125 3081 Fili
3163 3019 3273 3098 mi,
3319 3020 3372 3081 si
3422 3019 3579 3103 quid
3627 3021 3709 3083 ad
3739 3042 3841 3084 me

326 3155 526 3236 voles,
574 3175 689 3239 per
736 3153 909 3216 hunc
955 3153 1263 3215 nuncium
1312 3153 1736 3216 Basiliensem
1785 3153 2032 3216 licebit.
2122 3153 2323 3216 Plura
2379 3173 2507 3214 non
2553 3173 2834 3235 possum,
2893 3150 2971 3212 de
3019 3152 3256 3214 nuncio
3304 3173 3444 3215 sero
3498 3152 3845 3216 admodum

327 3288 718 3351 admonitus.
809 3284 1001 3359 Cura,
1048 3307 1290 3369 quaeso,
1340 3286 1805 3351 valetudinem.
1876 3286 1963 3350 Et
2010 3289 2166 3369 quia
2209 3294 2581 3372 praeceptor
2626 3292 2780 3349 tuus
2821 3295 2886 3348 te
2930 3286 3150 3349 scabie
3196 3286 3494 3349 nonnihil
3544 3286 3846 3351 laborare

330 3422 596 3506 coepisse
654 3421 906 3496 scribit,
975 3441 1091 3504 pro
1148 3443 1226 3482 ea
1280 3419 1689 3505 profligenda
1750 3420 2269 3506 depellendaque
2319 3421 2722 3484 Medicorum
2770 3420 3042 3484 consilio
3091 3421 3313 3486 uteris,
3404 3420 3658 3485 Malum
3702 3423 3844 3503 hoc,

334 3562 573 3637 praeter
618 3553 1166 3638 expectationem,
1224 3553 1382 3615 mihi
1429 3565 1644 3616 tecum
1693 3575 2028 3616 commune
2077 3564 2195 3618 est.
2284 3554 2511 3616 Nostri
2561 3575 2783 3616 omnes
2829 3553 3057 3616 valent
3103 3562 3170 3617 et
3213 3560 3279 3616 te
3312 3555 3568 3616 salvere
3617 3555 3849 3618 iubent

334 3699 396 3750 et
440 3708 637 3770 quam
683 3685 1044 3748 rectissime
1091 3685 1313 3749 valere
1361 3688 1634 3770 cupiunt
1679 3686 2205 3769 desiderantque.
2296 3687 2475 3748 Bene
2524 3684 2692 3765 vale,
2745 3685 2949 3747 Basili
2995 3686 3102 3765 mi,
3161 3694 3228 3748 et
3277 3688 3724 3769 expectationi
3769 3685 3847 3750 de

334 3827 395 3881 te
458 3826 813 3903 conceptae,
876 3826 950 3881 ut
1000 3818 1218 3881 fecisti
1278 3818 1618 3900 hactenus,
1676 3819 2069 3902 respondere
2124 3839 2346 3903 perge.
2451 3816 2622 3879 Nam
2680 3827 3047 3902 praeceptor
3100 3827 3254 3880 tuus
3309 3838 3348 3879 a
3395 3817 3633 3881 studiis
3703 3818 3848 3881 dili-

335 3952 560 4035 gentia
610 3959 678 4013 et
730 3971 981 4013 morum
1040 3956 1107 4012 te
1164 3950 1557 4034 integritate
1619 3948 2045 4013 commendat.
2159 3948 2292 4011 Fac
2338 3949 2436 4010 tui
2483 3950 2716 4012 similis
2764 3971 3147 4034 permaneas
3212 3957 3278 4012 et
3324 3950 3420 4012 ita
3464 3948 3688 4013 studia
3734 3958 3852 4014 tua

337 4084 705 4162 modereriS‚
757 4091 829 4146 ut
874 4081 1277 4145 valetudinis
1323 4102 1580 4166 quoque
1628 4083 1798 4144 ratio
1841 4081 2184 4145 habeatur.
2274 4081 2576 4145 Basileae.
2665 4086 2704 4144 4
2751 4081 2888 4147 Cal.
2934 4083 3131 4147 Mart.
3176 4083 3500 4146 dominica
3533 4084 3850 4148 Reminis-

340 4236 498 4278 cere.
601 4218 794 4278 Anno
851 4213 1159 4278 MDLIII
1224 4214 1388 4277 bene
1445 4235 1654 4276 mane.
1757 4215 1828 4278 Si
1888 4236 1966 4278 ex
2026 4223 2429 4299 praeceptore
2487 4217 2727 4280 rescire
2794 4217 3041 4300 poteris
3101 4223 3419 4300 quantum
3476 4217 3545 4279 in
3606 4218 3849 4280 victum

342 4349 719 4413 solvendum
766 4351 869 4422 sit,
917 4350 1157 4412 certior
1201 4349 1417 4416 factus
1461 4349 1669 4432 prima
1718 4350 2056 4412 occasione
2103 4348 2325 4411 oblata
2370 4351 2652 4431 mittam,
2715 4351 3027 4413 missurus
3082 4359 3150 4413 et
3193 4350 3247 4413 si
3294 4350 3531 4433 quibus
3577 4356 3642 4413 te
3688 4349 3850 4412 indi-

342 4504 489 4566 gere
533 4482 946 4546 intellexerO.
1038 4481 1206 4544 Vale
1254 4490 1321 4544 et
1367 4480 1513 4544 vale
1560 4491 1902 4566 perpetuo.

2464 4618 2927 4682 Bonifacius
2980 4617 3577 4694 Amen-bachius,

2787 4770 3022 4833 parens
3065 4756 3240 4811 tuus.

588 4884 813 4963 Basili,
861 4906 929 4948 es
976 4884 1121 4947 sind
1166 4882 1447 4965 allerley
1487 4881 1786 4966 ordnung
1832 4903 1958 4943 von
2006 4881 2148 4944 dein
2184 4881 2773 4965 durchleuchtigen
2808 4888 2931 4944 etc.
2966 4901 3221 4943 vnserm
3254 4878 3583 4964 gnedigen
3618 4878 3852 4942 herren

349 5014 617 5102 hertzog
676 5016 1068 5081 Christoffen
1129 5025 1251 5082 etc.
1313 5036 1685 5100 vssgangen
1740 5016 1808 5077 in
1874 5014 2080 5077 druck
2137 5035 2211 5076 ze
2260 5013 2628 5098 Tubingen,
2696 5014 2792 5076 als
2858 5013 2961 5075 die
3010 5011 3588 5096 Landtsordnung.
3683 5010 3853 5075 Item

350 5170 469 5212 von
512 5150 636 5214 den
684 5151 977 5214 Bettlern
1024 5149 1154 5213 vnd
1200 5151 1553 5212 almuosen.
1600 5170 1671 5211 so
1718 5147 1803 5210 du
1850 5147 1952 5211 die
1999 5146 2127 5210 vnd
2173 5145 2430 5226 andere,
2479 5169 2617 5210 was
2660 5149 2748 5209 im
2781 5144 2988 5208 druck
3021 5165 3421 5229 ausgangen‚
3455 5144 3851 5208 bekummen

353 5291 575 5366 magst,
624 5283 882 5347 wellest
924 5282 1049 5345 mir
1091 5281 1357 5345 kauflen
1404 5280 1534 5343 vnd
1581 5280 1671 5363 by
1717 5281 1918 5344 disem
1967 5280 2197 5343 botten
2241 5278 2659 5342 zuschicken.

609 5417 861 5483 &Redditae
892 5418 941 5471 3.
976 5416 1152 5470 Martii
1193 5416 1357 5480 1553.)

2046 5602 2259 5616 ------------
