4914 6782
297 880 735 947 Illustrissimi
781 879 1114 964 Principis
1156 877 1793 963 W'urtenbergensis
1852 878 2242 957 Secretario,
2286 879 2441 942 hinc
2487 880 3031 963 Argentoratum,
3096 879 3222 942 nisi
3281 878 3492 951 fallar,
3550 884 3619 947 et
3661 880 3814 943 inde

297 1014 666 1099 Tubingam
711 1013 1172 1099 proficiscenti,
1221 1012 1304 1075 ad
1351 1017 1418 1075 te
1464 1011 1886 1096 perferendos
1935 1013 2111 1095 dedi,
2160 1010 2622 1095 φιλοστοργία
2667 1018 2734 1075 et
2765 1011 3030 1075 adfectu
3062 1018 3356 1095 paterne,
3404 1033 3484 1076 ne
3514 1011 3815 1076 fortassis

296 1148 400 1212 vel
455 1150 737 1233 pecunia
795 1169 1033 1233 aegeas,
1089 1147 1198 1211 vel
1259 1146 1428 1210 nihil
1471 1168 1511 1209 a
1559 1145 1936 1225 Bibliopola
1980 1146 2333 1231 Isengrinii
2381 1144 2626 1209 habere
2672 1144 2901 1228 possiS‚
2947 1143 3291 1209 sollicitus.
3380 1144 3499 1209 Uti
3549 1144 3814 1229 quidem

297 1281 591 1346 licuisset
643 1281 711 1345 in
765 1281 848 1344 iis
903 1278 1309 1365 perferendis
1363 1276 1656 1345 feliciore
1703 1277 2083 1362 diplomate,
2141 1284 2208 1341 et
2254 1278 2453 1341 citius
2501 1277 2582 1342 ad
2623 1285 2690 1342 te
2737 1279 3210 1363 pervenissent,
3256 1279 3312 1341 si
3357 1278 3417 1340 d.
3462 1278 3813 1363 Philippus

296 1416 594 1497 Bechius,
642 1416 756 1501 qui
797 1416 919 1478 has
970 1414 1094 1478 tibi
1146 1412 1431 1487 exhibet,
1489 1413 1591 1475 vir
1646 1412 1893 1484 doctus,
1948 1418 2131 1475 recta
2188 1413 2360 1476 istuc
2403 1413 2533 1475 iter
2577 1412 2953 1493 instituens,
3000 1433 3101 1474 me
3146 1412 3215 1474 in
3260 1417 3552 1496 tempore
3597 1413 3814 1477 admo-

296 1551 566 1615 nuisset.
656 1548 779 1616 Sed
828 1570 974 1611 cum
1020 1549 1250 1627 serius,
1295 1546 1418 1610 hoc
1466 1551 1568 1609 est
1612 1567 1651 1608 a
1696 1543 1972 1628 prandio
2019 1544 2213 1608 huius
2259 1544 2411 1624 diei,
2482 1566 2609 1628 quo
2656 1542 3166 1628 Christophurus
3209 1542 3403 1607 hodie
3448 1564 3637 1607 mane
3685 1544 3812 1607 dis·

297 1683 510 1763 cessit,
559 1706 694 1746 nun
739 1682 896 1767 quid
942 1682 1023 1745 ad
1073 1689 1140 1745 te
1186 1679 1383 1744 velim
1414 1676 1818 1761 interpellet,
1864 1676 2165 1739 mutandi
2196 1677 2452 1742 consilii
2484 1676 2669 1739 nulla
2706 1686 3005 1761 superest
3046 1676 3372 1760 δύναμιςς
3416 1677 3611 1740 immo
3653 1679 3816 1741 satis

295 1813 423 1876 cito
486 1812 726 1876 diceris
778 1813 995 1876 omnia
1052 1812 1405 1895 accepisse,
1466 1810 1522 1873 si
1579 1816 1683 1873 sat
1739 1809 1925 1891 bene,
1991 1809 2519 1894 quandoquidem
2569 1810 2637 1872 in
2690 1833 2870 1874 mora
2914 1810 3154 1874 modici
3198 1812 3514 1895 temporis
3558 1810 3815 1874 nullum

296 1951 392 2009 est
443 1943 834 2030 periculum.
934 1945 1097 2026 Hoc,
1155 1944 1250 2007 fili
1307 1944 1413 2018 mi,
1472 1945 1627 2028 quia
1683 1944 1936 2007 nullam
1992 1943 2321 2008 scribendi
2375 1946 2782 2008 occasionem
2832 1943 3120 2008 oblatam
3168 1945 3676 2029 praetermittere
3721 1946 3813 2008 in-

295 2078 481 2141 stitui
553 2084 622 2141 et
681 2077 848 2141 nihil
891 2099 1021 2140 iam
1067 2077 1248 2140 aliud
1294 2078 1562 2150 occurit,
1620 2084 1685 2141 te
1731 2078 1898 2141 scire
1944 2077 2145 2158 volui,
2190 2086 2257 2141 et
2302 2077 2492 2141 velut
2536 2077 2916 2161 πρόδρομῳ
2961 2076 3334 2140 admonere.
3419 2077 3599 2140 Bene
3645 2077 3814 2175 valeq

294 2212 499 2275 Basili
547 2212 947 2276 charissime.
1036 2211 1267 2277 XXII.
1314 2211 1633 2275 Ianuarii.
1722 2212 2005 2276 Basileae
2051 2214 2247 2276 Anno
2294 2211 2621 2276 MDLIII.
2713 2211 2884 2277 Cura
2933 2212 3402 2276 valetudinem.
3492 2213 3815 2275 Faustina

294 2346 647 2430 plurimum
693 2353 758 2410 te
803 2346 1070 2419 salutat,
1116 2346 1283 2409 forte
1330 2346 1612 2419 fortuna,
1658 2346 1812 2408 dum
1855 2346 1972 2408 has
2003 2345 2473 2430 obsignaturus
2519 2368 2743 2425 essem,
2792 2346 3142 2411 adveniens
3173 2368 3426 2409 mecum
3459 2354 3815 2410 caenatura.

2029 2482 2490 2546 Bonifacius
2534 2483 3141 2561 Amor-bachius,
3189 2482 3431 2545 Parens
3479 2488 3647 2544 tuus,

491 2612 747 2678 (Redditae
781 2613 862 2667 30.
901 2612 1123 2666 Ianuarii
1161 2614 1322 2669 1553.)

1935 2721 2101 2733 anst-'JOEf'a
2124 2730 2131 2733 v
2152 2728 2163 2735 υ
2180 2722 2267 2735 aff

1934 2842 2130 2905 XIX.

972 2984 1361 3067 Nicolaus
1430 2984 1989 3066 Varnbiilerus
2055 2984 2481 3066 Bonifaeio
2549 2986 3126 3067 AmerbachiO.

1575 3147 1717 3213 xCod.
1752 3149 2021 3203 BasilienS.
2060 3150 2117 3202 G.
2159 3150 2199 3203 1.
2236 3152 2284 3203 9.
2321 3150 2407 3203 fol.
2444 3151 2550 3213 Ξῖ.)

295 3295 471 3366 Dem
528 3296 993 3385 Erwtzrdiqen
1040 3293 1533 3384 Hocleyelerten
1586 3295 1861 3365 Horren
1912 3293 2283 3380 Bonifacz'o
2362 3293 2772 3382 Amerbacle‚
2830 3295 2952 3363 der
2993 3292 3289 3363 Rea-laten
3340 3292 3650 3364 Doctorn
3696 3301 3816 3365 eto.

508 3468 638 3517 zuo
690 3444 925 3533 Basel,
980 3445 1263 3515 mein-em-
1316 3444 1718 3515 insonnclers
1762 3444 2119 3533 ,qiinstiyen
2174 3443 2383 3515 lieben
2435 3445 2712 3515 Herren
2761 3444 3266 3516 zubeleaomclen.
3370 3444 3604 3514 Basel.

547 3720 612 3784 S.
661 3720 733 3783 P.
781 3720 862 3784 D.
954 3720 1116 3785 Cum
1163 3720 1468 3785 hesterno
1516 3720 1620 3786 die
1668 3720 1751 3784 ad
1795 3726 2071 3783 matrem
2116 3742 2328 3783 meam
2361 3719 2810 3784 charissimam
2842 3721 2909 3783 in
2949 3719 3158 3783 solum
3190 3720 3356 3783 illud
3390 3721 3614 3785 natale
3647 3720 3819 3804 quod

296 3851 641 3917 dulcedine
696 3861 968 3918 cunctos
1024 3853 1225 3936 ducit,
1272 3854 1671 3918 Lindavium
1721 3853 1888 3926 dico,
1936 3853 2355 3938 appulissem,
2403 3875 2531 3938 quo
2578 3854 2850 3938 pietatis
2897 3860 2964 3918 et
3000 3853 3564 3938 a'rrmc).apyciag
3608 3859 3823 3939 χάριν

298 3985 643 4066 evocabar,
705 3985 1153 4049 reddebantur
1205 3987 1401 4049 matri
1456 4005 1619 4048 meae
1673 3986 1890 4050 literae
1944 4006 2258 4070 perquam
2319 3985 2623 4051 officiosae
2680 3995 2746 4051 et
2795 3988 3172 4052 christianae
3250 4010 3288 4051 a
3344 3988 3615 4052 Matheo
3671 3986 3819 4050 Han

298 4121 573 4205 pictore.
618 4121 761 4185 cive
808 4127 1031 4185 vestro
1080 4128 1146 4184 et
1192 4119 1402 4183 altore
1450 4118 1889 4204 orphanorum
1919 4118 2145 4183 fratris
2174 4120 2323 4199 mei,
2373 4120 2613 4203 quibus
2643 4143 2797 4185 sane
2830 4131 3043 4186 mater
3072 4143 3319 4206 nosque
3352 4143 3573 4185 omnes
3603 4120 3823 4184 affecti

298 4276 519 4318 sumus
564 4255 808 4339 gaudio
854 4276 984 4318 non
1031 4254 1312 4339 vulgari.
1382 4252 1840 4316 Intelleximus
1886 4254 2058 4316 enim
2104 4275 2341 4338 pueros
2386 4255 2608 4318 valere
2654 4262 2833 4318 recte
2882 4264 2950 4319 et
2994 4256 3256 4319 institui
3302 4262 3368 4319 et
3416 4255 3702 4332 educari,
3748 4263 3824 4319 ut
3907 4245 3914 4252 ⁹

300 4386 487 4453 decet
546 4397 614 4453 et
667 4411 787 4475 par
841 4396 942 4454 est
1004 4390 1298 4453 homines
1354 4388 1598 4452 liberos
1644 4394 1712 4451 et
1757 4387 2185 4452 Christianos.
2292 4388 2440 4452 Etsi
2487 4395 2707 4451 autem
2752 4387 2819 4450 id
2861 4389 2994 4450 iam
3040 4394 3237 4451 antea
3283 4409 3363 4451 ex
3408 4389 3543 4452 tuis
3587 4388 3820 4464 literis,
3877 4437 3882 4442 .

299 4522 399 4585 vir
441 4524 1011 4608 praestantissime,
1061 4521 1431 4607 Thubingae
1475 4521 1939 4595 intellexerim,
1991 4541 2136 4583 cum
2182 4521 2338 4585 mihi
2386 4519 2828 4604 significasses
2859 4519 3032 4584 binis
3071 4521 3222 4601 tuis,
3258 4543 3385 4604 quo
3418 4519 3635 4584 studio
3670 4541 3822 4584 vere

302 4653 674 4719 Christiano
722 4659 790 4718 et
835 4655 1045 4717 amico
1091 4676 1226 4718 rem
1273 4660 1665 4739 praesentem
1714 4655 1853 4739 ipse
1902 4675 2118 4716 coram
2163 4655 2564 4739 inspexisses
2611 4662 2678 4719 et
2715 4654 2919 4717 talem
2966 4656 3337 4740 reperisses,
3388 4654 3650 4739 qualem
3682 4658 3822 4741 ipse

301 4790 432 4854 fere
485 4790 618 4853 tuis
671 4790 740 4850 in
787 4788 1023 4851 castris
1068 4787 1294 4864 velleS,
1344 4787 1529 4850 cuius
1575 4786 1771 4849 officii
1816 4787 2210 4871 pientissimi
2255 4790 2515 4852 nomine
2565 4795 2631 4852 et
2676 4787 2887 4852 habeo
2936 4795 3003 4852 et
3049 4810 3175 4872 ago
3223 4786 3347 4851 tibi
3394 4789 3649 4873 gratias
3693 4810 3824 4850 ma-

302 4925 538 5003 ximaS,
596 4929 819 4986 tamen
874 4920 1413 4985 iucundissimum
1469 4919 1657 4984 nobis
1711 4921 1838 4984 fuit
1896 4923 2092 4985 matri
2151 4921 2215 4984 id
2270 4922 2400 4984 iam
2454 4922 2767 5006 perscribi
2814 4922 3169 4986 vernacule
3217 4933 3283 4985 et
3327 4943 3365 4985 a
3409 4928 3621 4985 matre
3665 4920 3825 4984 mihi

301 5054 368 5118 id
411 5055 711 5132 indicari,
759 5053 932 5138 quod
980 5075 1103 5135 ego
1150 5053 1300 5116 aliis
1345 5054 1476 5116 iam
1521 5051 1877 5137 impeditus
1926 5075 2054 5116 non
2105 5055 2546 5118 memineram.
2654 5054 2895 5140 Itaque
2950 5057 3224 5141 pictoris
3275 5055 3491 5119 literae
3545 5056 3824 5118 occasio·

303 5209 446 5252 nem
515 5188 678 5251 mihi
735 5186 1162 5272 praebuerunt
1216 5186 1763 5249 commemorandi
1818 5185 2017 5249 Matri
2084 5192 2265 5248 tuam
2322 5187 2657 5266 virtutem,
2717 5209 2845 5271 qua
2891 5211 3009 5252 nos
3069 5188 3545 5273 complecteris.
3636 5184 3824 5258 Quod

303 5321 463 5386 licet
503 5323 744 5385 faciam
805 5320 1056 5399 seduIO,
1104 5321 1267 5383 satis
1328 5325 1549 5383 tamen
1608 5326 1677 5384 et
1730 5318 2050 5403 condigne
2093 5339 2222 5381 non
2269 5340 2548 5402 possum,
2607 5320 2779 5382 sicut
2824 5320 3021 5383 etiam
3065 5319 3190 5382 tibi
3236 5325 3442 5382 tantae
3487 5325 3621 5382 tuae
3668 5340 3826 5402 erga

303 5476 405 5519 me
450 5456 888 5520 humanitatis
949 5461 1017 5518 et
1057 5452 1565 5532 benevolentiae,
1615 5473 1743 5536 qua
1788 5452 1890 5514 vir
1930 5452 2517 5536 praestantissimus
2564 5459 2630 5515 et
2676 5451 3080 5515 clarissimus
3125 5451 3452 5534 Tyronern
3509 5473 3611 5514 me
3658 5473 3826 5515 com-

308 5590 686 5673 prehendis,
747 5589 1008 5653 debitas
1061 5588 1316 5671 gratias
1372 5586 1480 5649 vel
1532 5585 1774 5650 habere
1830 5586 1938 5649 vel
1975 5585 2218 5649 referre
2266 5607 2394 5649 non
2441 5607 2721 5670 possum,
2768 5586 2893 5648 nisi
2933 5583 3101 5668 quod
3149 5583 3450 5647 habendo
3496 5584 3826 5648 relaturus

946 5781 3587 5792 ——————-——-——————————————————-
3615 5783 3872 5789 ——d
