4914 6782
145 527 365 945 Γ
407 661 411 665 -
466 622 471 627 ’
2084 638 2160 702 17

149 958 153 977 Ι
2050 858 2172 929 VI.

1228 1006 1571 1088 Basilius
1635 1005 2223 1088 Amerbachius
2285 1002 2711 1087 Bonifacio
2775 1003 3017 1113 patri.

1686 1169 1827 1237 (cod.
1859 1170 2128 1224 Basilicus
2165 1170 2222 1223 G.
2262 1170 2304 1224 Ι.
2338 1171 2384 1223 8.
2420 1170 2505 1223 fol.
2547 1170 2620 1235 3)

410 1292 814 1364 Boot-assiam
868 1289 1342 1362 iurisconsulto
1392 1290 1694 1361 Domino
1757 1289 2118 1381 Bonifatio
2171 1289 2648 1378 Anaerbachio,
2689 1290 2974 1380 parenti
3026 1289 3444 1361 charissimo,
3515 1289 3837 1360 Basileoe.

610 1511 676 1584 S.
766 1508 837 1584 Si
869 1519 1072 1597 vales,
1121 1519 1495 1582 charissime
1538 1523 1747 1603 pater,
1793 1517 1960 1582 bene
2007 1522 2126 1599 est,
2175 1538 2295 1603 ego
2342 1518 2557 1584 valeo.
2605 1519 2860 1604 Accepi
2904 1517 3213 1583 hesterna
3257 1519 3382 1599 die,
3429 1526 3622 1604 pater
3655 1519 3882 1582 obser-

361 1652 777 1733 vandissime,
823 1651 1076 1732 literas,
1125 1672 1288 1736 quas
1332 1650 1414 1714 ad
1457 1671 1559 1713 me
1604 1649 1688 1714 V.
1743 1649 1914 1712 Non.
2004 1647 2239 1714 Octob.
2309 1651 2653 1734 scripsisti.
2740 1650 2821 1714 In
2877 1651 3117 1736 quibus
3184 1659 3252 1716 et
3314 1652 3393 1716 de
3465 1630 3889 1717 observantia

361 1807 522 1871 erga
565 1785 647 1849 D.
672 1784 1184 1864 Varnbulerum,
1232 1791 1703 1868 praeceptorem
1740 1804 1977 1864 meum,
2003 1789 2346 1867 totamque
2373 1785 2515 1848 eius
2537 1784 2858 1847 familiam
2881 1784 3360 1848 humanitatem
3387 1785 3616 1869 prim0,
3650 1783 3885 1849 deinde

363 1921 563 1983 etiam
595 1919 674 1983 de
712 1920 854 1982 vita
886 1925 955 1983 et
984 1918 1221 1982 studiis
1248 1923 1427 1982 recte
1466 1923 1534 1981 et
1564 1918 1670 2002 pie
1701 1917 2127 1982 instituendis
2159 1917 2491 1999 admones,
2538 1939 2684 2002 quse
2715 1918 2876 1981 mihi
2900 1919 3282 2003 gratissima
3308 1919 3438 1982 fuit
3482 1918 3881 2000 adhortatiO,
3995 1982 4000 1987 .

365 2053 468 2115 cui
516 2046 593 2115 ut'
635 2051 961 2136 obsequar
1005 2073 1120 2136 pro
1166 2051 1348 2114 virili
1392 2072 1648 2135 semper
1691 2052 1888 2132 nitar,
1936 2050 2398 2136 Christumque
2446 2059 2724 2136 patrem,
2773 2042 2849 2115 ut
2902 2052 2983 2115 ad
3030 2052 3095 2116 id
3142 2054 3571 2137 prestandum
3614 2053 3890 2137 spiritus

364 2186 690 2270 largiatur
732 2206 1025 2266 munera,
1072 2189 1338 2248 summis
1382 2183 1687 2268 precibus
1732 2185 1953 2250 orab0.
2045 2185 2143 2250 De
2188 2186 2559 2271 sumptibus
2620 2185 2940 2249 faciendis
2985 2182 3050 2249 id
3105 2185 3370 2265 curab0,
3416 2193 3491 2249 ut
3535 2208 3730 2271 quam
3777 2208 3889 2271 po-

364 2326 502 2382 tero
551 2320 930 2404 parcissime
978 2324 1044 2381 et
1111 2339 1239 2381 non
1283 2318 1409 2381 nisi
1483 2319 1876 2382 necessitate
1942 2324 2211 2382 coactus
2275 2317 2634 2402 quidquam
2696 2318 3089 2403 impendam,
3138 2325 3206 2383 et
3279 2299 3676 2404 quamquam
3747 2319 3886 2400 alii,

373 2451 486 2534 qui
535 2452 736 2514 etiam
769 2470 961 2535 parce
993 2458 1059 2513 et
1100 2449 1314 2514 sobrie
1358 2451 1466 2515 hic
1498 2436 1753 2533 vivunt,
1798 2473 2106 2537 magnam
2138 2454 2489 2536 quotannis
2520 2459 2790 2537 propter
2820 2474 3135 2516 summam
3163 2453 3448 2515 omnium
3479 2474 3694 2516 rerum
3727 2453 3891 2516 cari-

363 2592 569 2648 tatem
616 2585 950 2647 insumant
994 2584 1359 2668 pecuniam,
1430 2606 1551 2670 ego
1616 2591 1836 2648 tamen
1873 2585 2026 2648 illos
2091 2584 2483 2668 frugalitate
2551 2590 2754 2669 atque
2827 2585 3224 2669 parsimonia
3269 2587 3535 2649 vincere
3583 2584 3888 2650 conabor.

367 2699 1161 2798 Ducatum'Lusitanum,
1210 2739 1402 2801 quem
1448 2718 1749 2782 Dominae
1794 2740 1955 2782 meae
2002 2717 2176 2781 tradi
2220 2719 2397 2782 xenii
2441 2718 2702 2781 nomine
2747 2715 2955 2797 iubeS,
3003 2717 3249 2801 accepi,
3297 2715 3409 2779 sed
3450 2715 3732 2779 nondum
3778 2712 3883 2780 illi

155 2842 161 3109 ,
363 2849 604 2921 obtuli;
655 2871 693 2912 a
736 2856 804 2937 te
851 2849 1022 2913 enim
1069 2850 1528 2914 existimabam
1572 2851 1753 2935 prius
1805 2850 2246 2935 quaerendum,
2314 2872 2417 2928 an,
2491 2873 2637 2914 cum
2701 2850 2941 2935 reliqui
2986 2852 3397 2914 convictores
3439 2851 3620 2915 xenii
3663 2854 3887 2935 gratia

364 2982 447 3046 ab
494 2984 686 3047 initio
752 2983 920 3047 nihil
989 2983 1311 3065 dederint,
1360 3006 1514 3046 num
1558 2984 1614 3047 is
1657 3006 1773 3069 pro
1846 2991 2070 3047 strena
2136 2991 2255 3047 aut
2314 2984 2755 3048 nundinarum
2824 3006 3072 3064 caussa,
3121 2985 3276 3069 quia
3319 2985 3449 3048 iam
3492 2984 3602 3047 hic
3645 2985 3890 3069 impen-

369 3113 545 3196 dent,
596 3115 934 3180 donandus
979 3123 1173 3180 esset.
1262 3116 1452 3197 Fere,
1505 3122 1576 3179 ut
1623 3116 1819 3180 audio
1882 3139 1921 3180 a
1968 3117 2469 3198 convictoribus,
2525 3140 2736 3202 neque
2781 3119 2957 3182 xenii
3000 3119 3261 3181 nomine
3308 3117 3390 3180 ab
3435 3118 3630 3181 initio
3674 3138 3888 3200 neque

368 3270 488 3332 pro
533 3255 757 3313 strena
802 3248 1160 3333 quidquam
1204 3250 1505 3331 solvitur,
1554 3250 1669 3314 sed
1722 3271 1868 3314 cum
1915 3250 2374 3315 discedendum
2430 3257 2532 3315 est
2577 3250 3089 3331 convictoribUS,
3158 3257 3316 3315 tunc
3365 3250 3608 3315 donare
3676 3250 3890 3315 solent

368 3379 591 3465 aliquo
637 3403 904 3445 munere
948 3382 1143 3446 heras
1188 3405 1370 3465 suas3
1416 3382 1528 3448 sed
1574 3389 1797 3448 tamen
1846 3382 2000 3468 quid
2047 3383 2266 3448 facere
2308 3382 2584 3448 debeam
2628 3387 2703 3448 tu
2737 3380 2975 3446 melius
3011 3382 3203 3455 nosti,
3251 3383 3339 3446 mi
3370 3388 3562 3467 pater
3595 3430 3609 3444 .
3644 3381 3890 3447 Statim

367 3513 498 3576 iam
548 3512 888 3596 dedissem,
934 3514 1048 3579 sed
1103 3517 1260 3600 quia
1312 3517 1413 3580 vis
1456 3538 1559 3580 me
1611 3517 1848 3580 ceteris
1890 3517 1959 3579 in
2022 3516 2221 3580 rebus
2280 3537 2504 3601 parem
2574 3537 2713 3580 esse
2754 3515 3262 3597 convictoribus,
3329 3516 3477 3580 ideo
3525 3517 3647 3580 hac
3694 3516 3788 3580 de·
3819 3536 3888 3579 re

368 3647 829 3712 consulendum
878 3656 945 3713 te
992 3650 1416 3713 existimavi.
1448 3648 1886 3734 Horologium
1931 3651 2302 3713 arenarium
2349 3649 2519 3712 dabo
2567 3651 2979 3735 praeceptori,
3028 3649 3506 3733 quamprimum
3552 3649 3701 3712 usui
3749 3668 3888 3711 esse
3981 3671 3987 3677 ·

364 3800 590 3843 rursus
632 3783 897 3865 poterit.
945 3782 1115 3846 Nam
1162 3805 1240 3847 ex
1287 3784 1595 3847 continuo
1644 3790 1826 3848 motu
1882 3784 2059 3869 (cum
2089 3783 2346 3847 scilicet
2389 3781 2858 3865 adveheretur)
2903 3780 3164 3860 accidit,
3215 3787 3288 3844 ut
3322 3803 3451 3844 non
3489 3801 3746 3865 semper
3777 3780 3885 3842 de-

366 3910 552 3992 fluat,
588 3913 698 3976 sed
743 3914 1072 3978 interdum
1118 3938 1291 4000 aqua
1322 3916 1605 3999 haereat3
1649 3939 1841 4003 spero
1872 3923 2094 3982 autem
2140 3916 2540 4003 propediem,
2584 3912 2756 4000 quod
2788 3935 2869 3976 ex
2899 3913 3187 3976 motione
3218 3913 3457 3976 vitium
3486 3912 3711 3984 traxit,
3755 3912 3888 3974 iam

369 4046 680 4128 quietem,
729 4053 803 4110 ut
837 4049 936 4110 ita
982 4047 1235 4132 loquar,
1279 4049 1737 4134 depulsurum3
1782 4051 1915 4113 iam
1962 4050 2134 4113 enim
2179 4048 2415 4112 melius
2453 4068 2523 4110 se
2569 4045 2774 4110 habet
2819 4067 3012 4129 quam
3059 4065 3204 4108 cum
3251 4045 3460 4129 primo
3504 4043 3634 4107 huc
3678 4045 3893 4106 venis·

367 4199 522 4241 sem.
610 4178 836 4243 Habet
877 4181 1019 4265 ipse
1066 4181 1316 4245 Doctor
1360 4203 1620 4267 quoque
1666 4182 1804 4246 tale
1848 4181 2265 4266 horologium
2310 4187 2379 4243 et
2438 4179 2780 4264 pulchrius
2847 4179 3049 4241 etiam
3096 4199 3262 4258 1ne0,
3309 4176 3482 4261 quod
3529 4200 3570 4240 a
3615 4177 3892 4241 Velsero

371 4311 538 4374 dono
586 4333 666 4376 ex
711 4313 917 4377 Italia
974 4316 1246 4379 missum
1293 4322 1413 4396 est,
1454 4316 1567 4379 sed
1614 4316 1789 4378 omni
1836 4337 2104 4400 prorsus
2142 4336 2264 4378 usu
2310 4320 2528 4392 caret,
2573 4331 2908 4395 nunquam
2962 4311 3136 4374 enim
3179 4316 3438 4374 tantum
3480 4313 3731 4375 moveri
3779 4333 3888 4396 po-

375 4451 528 4525 test,
579 4453 655 4509 ut
697 4446 807 4511 vel
848 4448 1187 4513 tantillum
1235 4469 1455 4512 arenae
1498 4448 1687 4512 fluat.
1778 4447 1986 4533 Spero
2031 4470 2134 4512 me
2180 4448 2562 4533 propediem
2607 4443 2812 4508 libros
2835 4444 3235 4526 habiturum,
3281 4465 3434 4508 nam
3457 4443 3738 4509 Institor
3764 4445 3892 4510 iste

368 4575 694 4663 Hervagii
733 4580 1113 4665 propediem
1155 4582 1384 4645 mittet
1420 4628 1434 4643 .
1470 4579 1764 4646 Conveni
1808 4579 2259 4664 bibliopolam,
2306 4578 2385 4642 de
2418 4601 2547 4664 quo
2586 4578 2928 4664 scripsisti,
2975 4576 3537 4664 Vuolphgangum
3585 4579 3892 4642 nimirum

371 4709 774 4783 Conradum;
818 4713 877 4775 is
924 4734 993 4777 se
1038 4712 1344 4778 daturum
1391 4713 1730 4798 pollicitus
1774 4716 1878 4776 est
1925 4713 2004 4774 10
2046 4711 2154 4775 vel
2200 4712 2283 4775 20
2328 4732 2564 4775 aureos
2628 4712 2736 4776 vel
2782 4682 3036 4796 plures*
3070 4713 3294 4793 etiam,
3363 4711 3570 4775 donec
3616 4711 3888 4796 Isingri-

371 4841 553 4904 nium
601 4842 817 4926 ipsum
874 4844 982 4908 vel
1040 4844 1323 4909 Basileae
1382 4843 1495 4908 vel
1552 4842 2021 4907 Franckfordii
2074 4845 2427 4909 conveniat
2459 4893 2473 4907 .
2505 4843 2752 4909 Arcam
2807 4866 2939 4930 qua
2991 4866 3095 4908 res
3149 4866 3328 4910 meas
3378 4867 3645 4910 servare
3691 4851 3892 4929 atque

373 4973 701 5039 custodire
746 4977 988 5061 possim
1032 4978 1415 5063 Praeceptor
1456 4997 1637 5041 meus
1683 4974 1884 5056 dedit,
1932 4983 2352 5060 quapropter,
2398 4985 2476 5040 ut
2520 4977 2722 5041 aliam
2757 4978 2919 5041 mihi
2979 4998 3373 5064 comparem,
3420 5000 3550 5042 non
3599 4998 3893 5041 necessa-

372 5107 541 5171 rium
586 5117 767 5194 put0.
855 5110 1032 5173 Bene
1073 5116 1143 5174 et
1184 5110 1559 5173 humaniter
1601 5130 1642 5172 a
1681 5107 1970 5173 Doctore
2014 5115 2421 5193 praeceptore
2465 5131 2609 5174 meo
2654 5116 2796 5175 tum
2841 5132 2969 5195 quo
3011 5110 3096 5174 ad
3125 5112 3397 5193 victum,
3443 5119 3585 5176 tum
3633 5131 3760 5196 quo
3807 5110 3891 5174 ad

371 5241 508 5305 alia
550 5249 822 5308 tractor.
906 5244 1296 5308 Lectionem
1339 5242 1556 5307 adhuc
1599 5242 1852 5306 nullam
1915 5247 2187 5327 propter
2247 5241 2447 5305 ferias
2490 5241 2962 5326 Vindemiales,
3026 5266 3173 5329 quae
3227 5267 3346 5331 per
3390 5244 3528 5309 dies
3576 5248 3654 5311 14
3697 5244 3890 5308 dura-

374 5397 526 5439 vere
569 5398 802 5461 neque,
848 5384 925 5441 ut
968 5376 1188 5451 audi0,
1230 5383 1385 5441 ante
1428 5375 1873 5441 hebdomadas
1918 5383 2055 5439 tres
2097 5374 2431 5456 finientur,
2500 5374 2728 5440 audire
2775 5379 2981 5462 potui.
3071 5376 3416 5463 Copiosius
3461 5379 3541 5442 de
3607 5378 3888 5463 singulis

374 5515 642 5594 propter
684 5511 987 5573 nuntium
1029 5512 1163 5574 iam
1206 5510 1389 5574 abire
1435 5516 1779 5596 parantem
1809 5509 2094 5574 scribere
2125 5531 2253 5573 non
2298 5530 2582 5594 possum.
2667 5510 2860 5592 Vale,
2905 5517 3094 5596 pater
3137 5511 3545 5584 charissime;
3593 5510 3674 5576 D.
3715 5511 3889 5575 Ulri-

1242 5649 1247 5658 ·
3437 5619 3478 5682 3
