4914 6782
1054 466 4729 559 ffl—-m———ss—-ss——ffl-ffl—*ffi'

776 542 783 883 Ι
2707 586 2784 648 28

984 811 1131 855 cum
1162 789 1391 855 Comes
1423 789 1501 853 de
1539 810 1615 853 eo
1646 789 1833 853 litem
1874 788 2185 853 moveat?
2276 787 2404 853 Sed
2453 793 2572 872 qui
2614 788 2877 852 accidat
2915 789 3156 869 nescio,
3203 793 3278 851 ut
3323 793 3460 850 tam
3506 786 3692 870 longi
3736 788 4053 871 temporis
4097 792 4313 873 spatio
4360 811 4518 855 eum
4729 572 4734 869 Ι

4729 892 4734 929 l

983 945 1024 988 a
1066 944 1168 987 me
1220 944 1552 1007 nunquam
1597 923 1972 1008 postularit,
2032 945 2177 987 cum
2220 923 2286 986 id
2333 923 2581 1009 optime
2617 922 2932 1000 licuisset,
2991 923 3120 985 iam
3171 922 3443 986 absente
3489 943 3592 985 me
3641 921 3767 985 tibi
3809 921 4098 986 facessat
4141 923 4516 1008 negotium.

984 1052 1407 1140 Quapropter
1447 1078 1628 1141 rog0‚
1674 1058 1764 1120 mi
1809 1062 2018 1142 pater,
2062 1078 2144 1121 ne
2177 1057 2512 1121 existimes
2542 1080 2688 1122 mea
2722 1058 2917 1144 culpa
2948 1058 3070 1121 hoc
3101 1057 3578 1142 qualecunque,
3630 1056 3742 1121 sed
3775 1058 3981 1142 ipsius
4011 1057 4235 1142 potius
4265 1057 4517 1121 inertia

970 1194 1183 1279 *atque
1228 1190 1643 1275 negligentia
1682 1191 1843 1256 fien'.
1935 1192 2112 1256 Bene
2157 1190 2330 1255 vale.
2421 1191 2765 1275 Tubingae.
2850 1191 2908 1254 3.
2952 1189 3265 1255 Decemb.
3314 1192 3506 1252 Anno
3556 1188 3738 1251 1552.

2219 1324 2399 1388 Tuus
2446 1323 3022 1388 obedientissimus
3064 1323 3241 1388 filius
3284 1326 3634 1389 Basilius
3677 1325 4280 1390 Amerbachius.

1185 1455 1431 1520 (Redditae
1468 1458 1546 1511 10.
1583 1458 1847 1513 Decembr.
1885 1460 2053 1515 1552.)

2653 2221 2845 2286 XIV.

1683 2387 2068 2471 Nicolaus
2134 2387 2687 2470 Varnbiilerus
2749 2388 3172 2471 Bonifacio
3239 2390 3807 2472 AmerbachiO.

2254 2577 2390 2644 (Cod.
2432 2578 2699 2632 Basiliens.
2739 2580 2796 2631 G.
2837 2580 2878 2633 Ι.
2918 2582 2968 2637 9.
3007 2580 3088 2633 fol.
3119 2580 3225 2643 24.)

980 2723 1451 2795 Iurecofnsedtvo
1495 2728 1555 2793 et
1593 2722 1999 2813 philosopho
2038 2723 2413 2792 clarissimo
2451 2725 2959 2816 doctissimoque
2987 2726 3285 2796 Domino
3319 2724 3691 2810 Bonc'fcwio
3720 2725 4173 2795 Amerbachio
4203 2726 4264 2795 I.
4299 2726 4377 2797 V.
4408 2726 4511 2797 D.

1878 2872 2175 2941 Domino
2229 2877 2290 2941 et
2342 2873 2557 2941 amico
2609 2893 2729 2942 suo
2784 2872 3221 2946 observa-mlo,
3301 2875 3617 2945 Basileoe.

1235 3186 1301 3252 S.
1365 3188 1440 3250 P.
1496 3187 1576 3250 D.
1675 3186 2235 3260 Quemadmodum
2302 3210 2382 3253 ex
2447 3191 2776 3274 responsis
2841 3191 2974 3254 tuis
3037 3201 3105 3255 te
3171 3211 3429 3275 semper
3493 3190 3783 3253 iudicavi
3852 3191 4040 3274 quasi
4113 3191 4512 3275 magistrum

982 3319 1321 3400 ἐπιεικίας
1369 3321 1436 3383 111
1481 3321 1623 3385 iure
1668 3329 1907 3389 nostre.
1952 3324 2051 3386 ita
2110 3325 2311 3388 etiam
2369 3325 2437 3387 in
2483 3323 2795 3387 amicitiis
2841 3322 3131 3387 colendis
3177 3330 3245 3386 et
3290 3324 3648 3386 amicorum
3696 3324 3933 3386 erratis
3977 3323 4392 3408 ignoscendis
4440 3332 4516 3389 et

984 3455 1455 3539 cognoscendis
1500 3455 1579 3519 de
1628 3462 1692 3520 te
1757 3457 1950 3542 plane
2014 3457 2254 3538 iudic0,
2301 3459 2412 3543 qui
2465 3465 2598 3522 tam
2646 3466 2944 3522 amanter
2988 3481 3117 3521 non
3161 3457 3353 3521 modo
3401 3459 3891 3523 excusationem
3937 3479 4147 3521 meam
4194 3461 4509 3545 accipias,

984 3586 1099 3650 sed
1144 3587 1344 3651 etiam
1389 3594 1582 3651 tanta
1626 3609 1773 3651 mea
1817 3590 2239 3654 excusatione
2286 3590 2455 3675 apud
2518 3597 2584 3654 te
2630 3613 2757 3653 non
2804 3613 2966 3675 opus
3007 3591 3209 3655 fuisse
3257 3591 3527 3657 scribas,
3618 3591 3764 3665 Quo
3812 3593 4075 3655 nomine
4122 3592 4248 3656 tibi
4295 3592 4510 3656 habeo

982 3722 1269 3805 gratiam
1337 3729 1406 3785 et
1460 3743 1622 3806 rogo
1683 3729 1759 3785 ut
1818 3723 2031 3785 adhuc
2088 3745 2231 3786 eam
2293 3724 2483 3787 iuxta
2534 3733 2723 3788 tuum
2781 3732 3174 3809 perpetuum
3235 3734 3302 3789 et
3365 3727 3433 3789 in
3494 3726 3797 3790 omnibus
3846 3726 4041 3790 rebus
4086 3726 4511 3791 observatum

981 3855 1280 3934 έτιεικὲς
1327 3857 1426 3919 ita
1467 3855 1830 3939 intelligas,
1876 3879 2005 3920 non
2051 3857 2223 3940 quod
2269 3858 2347 3921 de
2395 3864 2513 3921 tua
2554 3859 2901 3922 notissima
2942 3859 3402 3923 mediocritate
3447 3882 3730 3943 unquam
3764 3859 4226 3940 dubitaverim,
4269 3858 4381 3923 sed
4424 3880 4510 3922 ne

982 3987 1273 4052 debitam
1319 3989 1445 4053 tibi
1501 3990 1940 4053 reverentiam
2002 4012 2391 4075 quacunque
2446 3993 2701 4056 ratione
2749 3992 3148 4056 exhiberem.
3243 3989 3434 4064 Quod
3481 3995 3772 4076 profecto
3818 3998 3886 4054 et
3929 3991 4102 4054 facio
4149 3991 4396 4055 lubens
4440 4000 4512 4056 et

978 4119 1218 4183 faciam
1259 4129 1600 4207 perpetuo,
1676 4123 1824 4187 Non
1872 4124 2042 4186 enim
2073 4145 2334 4207 possum
2365 4125 2528 4188 mihi
2574 4128 2737 4189 satis
2781 4125 3110 4209 gratulari
3155 4124 3234 4188 de
3279 4124 3401 4187 illa
3447 4132 3564 4188 tua
3608 4145 3861 4188 summa
3905 4124 4202 4188 amicitia
4246 4146 4506 4188 mecum

982 4256 1367 4336 constituta,
1414 4277 1606 4339 quam
1642 4258 1840 4320 etiam
1872 4257 2420 4341 praestantissimo
2468 4263 2583 4320 tuo
2621 4257 2895 4341 pignore
2943 4256 3405 4325 corroborasti
3452 4256 3589 4320 filio
3634 4257 3893 4320 scilicet
3937 4264 4052 4321 tuo
4100 4259 4295 4320 unico
4341 4276 4508 4319 tneae

980 4387 1136 4452 fidei
1168 4389 1508 4453 commisso
1542 4395 1611 4453 et
1641 4390 1830 4475 quasi
1876 4390 2120 4454 dedito.
2208 4389 2448 4475 Itaque
2497 4391 2664 4455 nihil
2703 4392 2865 4454 mihi
2899 4391 3263 4476 optabilius
3300 4399 3524 4475 posset
3555 4392 3937 4476 contingere
3967 4390 4263 4474 nihilque
4295 4392 4510 4475 magis

981 4518 1299 4595 desidero,
1347 4542 1542 4606 quam
1587 4522 1902 4588 adversus
1947 4524 2186 4609 pignus
2230 4522 2355 4586 hoc
2399 4528 2587 4586 tuum
2631 4521 2792 4585 mihi
2833 4543 3054 4607 pugno
3101 4529 3218 4585 tuo
3253 4521 3572 4586 traditum
3616 4523 3716 4586 ita
3761 4521 4091 4598 exhibere
4141 4528 4237 4600 ut,
4285 4544 4507 4606 quem-

979 4655 1328 4719 admodum
1374 4656 1500 4719 tibi
1558 4655 1810 4720 directa
1863 4659 2301 4742 pignoratitia
2362 4657 2540 4720 actio
2603 4655 2916 4719 adversus
2960 4676 3063 4718 me
3125 4659 3462 4739 competit,
3505 4656 3604 4718 ita
3650 4654 3808 4718 mihi
3856 4656 4188 4718 contraria
4240 4676 4501 4740 quoque

980 4793 1316 4873 competat
1345 4788 1699 4872 aliquando
1732 4789 2127 4874 plenissime,
2158 4811 2286 4852 non
2333 4788 2601 4872 quidem
2640 4789 2710 4850 in
2743 4808 2892 4850 eum
2922 4787 3176 4850 tristem
3211 4795 3540 4868 eventum,
3572 4783 3650 4851 de
3684 4810 3810 4873 quo
3843 4787 4247 4872 Pomponius
4277 4793 4503 4852 noster

980 4922 1214 4986 scribit
1258 4921 1571 4985 creditori
1617 4922 2012 4985 contrariam
2061 4921 2207 4985 dari
2250 4921 2332 4985 ob
2378 4920 2728 5005 pecuniam
2772 4919 3042 4982 medicis
3086 4918 3326 4994 datam,
3372 4940 3519 4982 cum
3563 4927 3917 5004 aegrotaret
3962 4940 4192 4983 servus
4236 4921 4502 5005 pignori

981 5054 1194 5134 (latua,
1241 5054 1354 5119 sed
1398 5056 1468 5118 in
1497 5055 1632 5119 alia
1659 5055 1822 5120 facti
1853 5056 2073 5141 specie
2120 5054 2204 5119 ab
2238 5053 2527 5138 Ulpiano
2573 5052 2931 5138 proposita,
2972 5052 3029 5114 si
3073 5072 3298 5115 servos
3330 5054 3714 5137 pignoratos
3746 5052 4048 5116 artificiis
4077 5054 4504 5119 instruxisset

774 5175 782 5386 ὅ
979 5185 1285 5253 creditor.
1361 5185 1508 5259 Quo
1569 5188 1637 5251 in
1690 5187 1936 5251 iudicio
1992 5188 2300 5271 utrinque
2352 5185 2506 5249 freti
2561 5186 2906 5269 utriusque
2963 5184 3278 5268 aequitate
3335 5187 3434 5250 ita
3495 5186 3816 5251 vellemus
3862 5208 3979 5251 nos
4025 5186 4357 5268 exhibere,
4415 5194 4497 5251 ut

975 5319 1155 5384 rixas
1196 5320 1352 5384 illas
1396 5320 1479 5384 ab
1509 5319 1799 5406 Ulpiano
1832 5321 2206 5405 propositas
2252 5320 2671 5394 evitaremus,
2717 5318 2870 5382 dum
2915 5316 2994 5381 de
3040 5339 3311 5382 oneroso
3357 5318 3655 5383 debitore
3701 5324 3769 5382 et
3813 5317 4100 5382 delicato
4147 5319 4497 5399 creditore,

773 5389 779 5616 Ι
976 5457 1052 5515 ut
1093 5454 1289 5535 nosti,
1334 5452 1590 5518 scribit.
1675 5453 1820 5517 Iam
1866 5452 2034 5538 quod
2085 5454 2251 5518 scire
2298 5451 2632 5518 desideras
2677 5453 2757 5516 de
2802 5451 2925 5516 filii
2968 5452 3071 5515 tui
3114 5451 3502 5534 rationibus,
3550 5451 3812 5536 qualem
3856 5473 3925 5515 se
3953 5453 4115 5516 mihi
4162 5451 4497 5536 exhibeat,

1194 5674 1691 5682 —————

4732 1452 4736 1541 V

4727 3122 4733 3430 1

4727 3695 4731 3824 1

4717 4681 4723 4948 θ
