4914 6782
138 666 141 711 ι
1348 660 1356 667 ·
2138 633 2221 698 23

139 762 147 938 ἱ
359 879 447 923 ne
492 857 660 923 nihil
702 857 1008 938 scribam,
1052 857 1178 922 hoc
1222 856 1395 942 quod
1441 856 1728 921 maxime
1774 854 2071 921 desidero
2116 854 2332 920 scribo
2378 860 2448 919 et
2507 857 2760 940 repet0,
2826 872 3061 938 nempe
3107 857 3184 916 ut
3233 850 3439 917 bonas
3479 852 3677 918 horas
3722 851 3890 918 bene

359 988 671 1071 colloces,
721 993 926 1074 atque
972 986 1425 1053 valetudinem
1470 993 1657 1052 tuam
1701 986 2059 1073 diligenter
2102 1006 2311 1052 cures.
2399 985 2474 1052 Si
2517 986 2675 1071 quid
2735 984 2820 1049 ad
2863 1006 2968 1050 me
3011 983 3199 1067 velis,
3241 991 3364 1050 aut
3403 986 3460 1051 si
3505 1007 3638 1071 qua
3679 1007 3751 1052 re
3794 986 3891 1050 in·

356 1122 616 1208 digeas‚
662 1143 781 1209 per
824 1121 1102 1187 eundem
1149 1120 1422 1186 Petrum
1461 1118 1591 1185 tibi
1635 1119 1838 1206 probe
1882 1125 2112 1184 notum
2156 1125 2304 1184 tuto
2348 1117 2725 1205 significare
2770 1118 3040 1204 poteris.
3127 1114 3564 1183 Ornatissimo
3609 1118 3891 1183 Domino

355 1253 772 1339 Praeceptori
816 1258 933 1317 tuo
977 1272 1213 1316 munus
1237 1272 1277 1315 a
1318 1250 1632 1316 Molinaeo
1679 1256 2026 1337 acceptum
2069 1251 2321 1316 muneri
2365 1252 2581 1334 mitto,
2626 1250 2799 1335 quod
2832 1257 3104 1338 propter
3130 1252 3517 1335 novitatem,
3562 1273 3645 1317 ne
3673 1253 3894 1318 verbis

356 1407 599 1452 ornare
644 1386 922 1471 cogaris,
968 1384 1234 1450 minime
1276 1385 1617 1470 ingratum
1658 1384 1800 1451 fore
1846 1384 2120 1450 confido.
2209 1386 2387 1451 Bene
2433 1384 2605 1467 vale,
2653 1384 2886 1468 Basili,
2931 1385 3027 1450 fili
3076 1383 3472 1451 dulcissime.
3561 1385 3891 1452 Postridie

352 1520 443 1589 D.
495 1519 894 1587 Catharinae.
982 1519 1265 1585 Basileae
1307 1517 1504 1583 Anno
1550 1518 1841 1586 MDLII.
1929 1518 2161 1586 Nostri
2207 1540 2428 1584 omnes
2471 1525 2540 1584 te
2585 1519 2940 1606 plurimum
2984 1518 3304 1586 salutant.

1882 1656 2342 1722 Bonifacius
2389 1655 2976 1722 Amerbachius
3021 1654 3273 1718 Parens
3318 1657 3495 1720 tuus.

533 1902 793 1967 Nudius
836 1892 1077 1967 tertius
1122 1900 1361 1967 Gallus
1406 1897 1673 1985 quidam
1716 1920 1820 1964 me
1867 1899 2191 1976 convenit,
2235 1899 2401 1967 duos
2438 1899 2643 1964 libros
2703 1904 3010 1985 repetens
3066 1921 3229 1985 quos
3280 1899 3501 1965 nescio
3546 1921 3588 1965 a
3632 1922 3762 1987 quo
3808 1900 3889 1965 de

355 2036 690 2102 Montfort
730 2036 814 2118 (si
858 2033 1064 2121 probe
1107 2033 1404 2115 memini)
1452 2051 1626 2097 nunc
1669 2031 1903 2118 Tiguri
1948 2038 2193 2118 agente
2241 2032 2653 2099 commodato
2719 2035 3112 2119 accepisses:
3179 2054 3300 2099 nec
3361 2039 3585 2099 tamen
3629 2036 3894 2099 nomina

355 2168 684 2235 librorum
728 2170 868 2234 sive
898 2167 1250 2233 authorum
1279 2165 1576 2244 tenebat,
1622 2165 1885 2241 addens,
1931 2172 2281 2253 postquam
2326 2166 2651 2252 Tigurum
2693 2166 3022 2246 rediisset,
3069 2188 3188 2254 per
3218 2167 3452 2233 literas
3476 2190 3546 2233 se
3592 2174 3891 2235 acturum

360 2325 531 2370 esse.
595 2302 823 2369 Redde
867 2303 1074 2389 igitur
1120 2308 1193 2366 tu
1239 2320 1342 2365 me
1388 2300 1757 2375 certiorem,
1802 2319 1883 2362 an
1931 2304 1999 2362 et
2045 2319 2209 2383 quos
2253 2303 2326 2362 tu
2371 2298 2579 2363 libros
2625 2298 3034 2364 commodato
3066 2300 3420 2387 acceperis,
3468 2305 3539 2365 et
3580 2299 3699 2365 ubi
3738 2321 3892 2365 nam

359 2438 520 2503 sint.
595 2434 1023 2503 Commodato
1061 2439 1338 2520 accepta
1380 2432 1797 2496 restituenda
1835 2437 2041 2507 erant,
2070 2434 2161 2495 mi
2193 2431 2421 2512 Basili,
2467 2432 2538 2495 in
2571 2436 2882 2516 tempore,
2927 2430 3036 2496 vel
3067 2430 3305 2497 saltem
3335 2433 3405 2496 in
3438 2431 3732 2497 discessu
3774 2437 3891 2497 tuo

359 2592 472 2636 me
515 2569 595 2635 de
638 2570 744 2635 his
788 2570 1135 2634 certiorem
1177 2565 1451 2631 reddere
1497 2564 1838 2631 debueras.

638 2721 893 2789 (Redditus
925 2722 974 2777 3.
1008 2718 1297 2786 Decembr.)

4091 3655 4094 3680 ᾖ
4091 3579 4094 3642 ᾼ-μ
4090 3431 4096 3548 ——-·
4089 3166 4094 3412 —ffifl
4088 1024 4101 3155 ———————-—·———————————u———-——

2100 3621 2254 3687 XII.

1247 3797 1596 3881 Basilius
1662 3797 2252 3880 Amerbachius
2318 3795 2744 3880 Bonifaeio
2808 3797 3048 3906 patri.

1663 3987 1802 4052 (Cod.
1838 3988 2104 4043 Basilicus.
2143 3987 2205 4042 G.
2242 3987 2279 4041 L
2319 3987 2367 4042 8.
2403 3986 2490 4040 fol.
2528 3988 2599 4054 6.)

2030 4312 2227 4328 waeaeaett.

492 4131 935 4204 celeberrimo
986 4132 1478 4204 Iurisconsulto
1530 4134 1628 4204 D.
1680 4133 2041 4222 Bonifatio
2092 4131 2569 4220 Amerbachio,
2614 4133 2895 4225 parenti
2948 4132 3365 4207 charissimo.
3471 4134 3790 4207 Basileae.
4089 4033 4095 4406 Ι

539 4433 606 4500 S.
656 4435 1234 4519 Exoptatissimas,
1282 4440 1473 4519 pater
1504 4431 1903 4506 charissime,
1947 4433 2031 4495 20
2060 4432 2456 4498 Novembris
2485 4436 2766 4521 scriptas
2796 4434 3090 4500 eiusdem
3113 4437 3352 4501 mensis
3383 4436 3488 4502 die
3535 4437 3614 4501 26
3663 4439 3888 4523 accepi
4089 4517 4092 4552 Ι

369 4569 614 4648 literas,
661 4589 741 4633 ex
792 4567 1030 4652 quibus
1075 4573 1393 4651 quantum
1439 4567 1809 4651 voluptatis
1854 4567 2242 4651 acceperim,
2273 4565 2543 4632 difficile
2590 4575 2690 4633 est
2735 4569 3085 4653 explicare.
3160 4567 3337 4642 Quid
3381 4570 3557 4633 enim
3601 4571 3887 4642 suavius,

376 4701 532 4787 quid
575 4702 927 4767 iucundius
968 4702 1131 4767 mihi
1175 4702 1475 4767 accidere
1522 4703 1742 4787 potuit
1786 4724 1981 4786 quam
2042 4702 2495 4767 charissimum
2548 4710 2823 4789 patrem,
2892 4702 3304 4767 dulcissimas
3347 4725 3600 4768 sorores
3644 4661 3889 4769 omnes·
4088 4633 4093 4836 Ι

372 4857 499 4920 que
543 4837 788 4901 amicos
832 4844 1089 4902 nostros
1133 4836 1514 4922 intelligere
1558 4843 1738 4901 recte
1784 4836 2029 4916 valere,
2074 4838 2421 4922 presertim
2468 4859 2612 4901 cum
2658 4858 2738 4901 ex
2776 4836 2991 4901 literis
3011 4837 3138 4900 huc
3167 4837 3383 4902 missis
3427 4837 3887 4920 intellexerim,
4087 4873 4092 4938 j

369 4991 625 5034 rumore
672 4973 1096 5055 perceperim,
1149 4977 1350 5055 atque
1397 4971 1481 5034 ab
1527 4973 1669 5056 ipso
1714 4973 1968 5053 nunti0,
2016 4993 2214 5057 supra
2259 4972 2522 5035 modum
2569 4972 3022 5057 pestilentiam
3065 4970 3347 5036 Basileae
3409 4975 3718 5058 grassari,
3773 4996 3888 5038 au·
4087 4951 4091 5022 ἶ

371 5102 620 5168 dierim.
710 5103 901 5168 Velit
941 5105 1123 5168 Deus
1166 5105 1454 5189 optimus
1497 5106 1837 5187 maximus,
1889 5109 1961 5168 ut
2003 5111 2139 5168 tam
2184 5103 2327 5167 laeti
2384 5102 2465 5167 de
2511 5112 2577 5167 te
2622 5104 2842 5168 nuntii
2886 5104 3245 5187 saepissime
3290 5105 3670 5171 adveniant.
3758 5107 3887 5172 Ve-

370 5259 514 5301 rum
556 5237 723 5302 illud
770 5237 972 5322 (quod
1016 5244 1152 5318 tua,
1199 5244 1409 5322 pater,
1456 5238 1650 5302 venia
1696 5238 1945 5302 dictum
1990 5237 2219 5319 velim)
2263 5258 2476 5321 neque
2522 5242 2891 5322 praeceptor
2951 5258 3136 5302 meus
3201 5258 3417 5322 neque
3485 5241 3710 5304 caeteri
3776 5242 3886 5327 qui
4085 5187 4091 5295 l

371 5370 668 5445 audiunt,
714 5372 880 5436 satis
923 5371 1234 5435 admirari
1279 5379 1572 5456 possunt,
1635 5393 1765 5456 qua
1828 5372 2104 5450 ratione,
2152 5391 2297 5435 cum
2351 5377 2488 5435 tam
2535 5377 2727 5435 atrox
2772 5369 2948 5455 apud
2992 5392 3109 5434 vos
3170 5372 3260 5435 sit
3304 5371 3709 5456 pestilentia,
3759 5396 3889 5459 qua

370 5504 644 5586 ratione,
694 5507 981 5590 inquam,
1028 5505 1166 5586 fiat,
1224 5511 1298 5569 ut
1345 5513 1420 5570 tu
1465 5506 1560 5570 ibi
1605 5506 1907 5571 habitare
1954 5506 2120 5570 velis
2165 5526 2375 5590 neque
2421 5506 2490 5568 in
2514 5505 2731 5569 locum
2755 5505 3106 5581 salubrem,
3155 5505 3361 5570 donec
3401 5527 3544 5571 sese
3588 5509 3890 5573 remittat

192 5669 2686 5734 ’ᾪὲ-ῄᾞ-
2725 5729 2738 5732 ,
3595 5633 4087 5738 ,ψ--Ᾰ
