4914 6782
602 5402 670 5468 S.
714 5403 792 5470 P.
878 5402 1428 5468 Iucundissimum
1470 5403 1635 5467 mihi
1678 5404 1929 5478 fuisset,
1976 5402 2368 5468 Charissime
2415 5402 2637 5484 Pater,
2683 5402 3080 5488 Magistrum
3121 5399 3553 5466 Heinrichum
3583 5400 3874 5465 Pantha-

351 5535 610 5602 leonem
654 5537 737 5602 iis
781 5536 1138 5604 honoribus
1166 5535 1448 5617 afficere,
1492 5534 1731 5620 quibus
1762 5537 2000 5623 dignus
2031 5543 2195 5617 erat,
2239 5542 2439 5621 atque
2472 5536 3006 5602 benevolentiam
3035 5556 3247 5600 meam
3278 5535 3475 5600 factis
3505 5533 3871 5616 declarare3

344 995 499 1060 dum
558 996 830 1080 eiusque
890 995 1022 1061 loci
1078 996 1517 1082 explicatores
1572 995 1932 1082 diligenter
1977 996 2310 1082 legendos,
2366 1003 2446 1063 ut
2505 995 2584 1061 de
2639 996 2838 1061 rebus
2887 996 3027 1062 illis
3082 998 3152 1062 in
3212 1004 3561 1083 utramque
3606 1006 3864 1084 partem

345 1127 664 1193 disserere
713 1134 916 1212 queat
961 1148 1041 1194 ac
1070 1128 1271 1214 paulo
1300 1133 1452 1215 post
1495 1130 1698 1193 etiam
1740 1151 1812 1193 in
1854 1128 2191 1215 publicum
2221 1128 2500 1215 prodeat
2544 1128 2926 1216 disputandi
2970 1136 3337 1212 certamen3
3383 1130 3450 1195 id
3497 1131 3668 1215 quod
3701 1138 3861 1196 ante

344 1261 586 1325 festum
629 1267 1046 1348 pentecostes
1090 1260 1286 1347 plane
1331 1261 1622 1325 futurum
1683 1282 2042 1347 speramus.
2129 1262 2596 1330 conclusiones
2638 1266 2816 1351 ipsas
2859 1286 2987 1329 non
3034 1265 3187 1329 dum
3230 1266 3526 1347 fecimus,
3571 1266 3687 1331 sed
3728 1288 3861 1330 ma·

342 1397 517 1459 teria
562 1398 664 1458 est
706 1393 913 1457 Morae
957 1393 1225 1457 subtilis
1279 1399 1349 1457 et
1388 1392 1575 1457 utilis
1619 1392 1702 1457 ad
1749 1395 2290 1480 cognoscendum.
2378 1396 2583 1463 Cuius
2624 1398 3051 1464 fundamenta
3089 1399 3221 1463 iam
3259 1420 3376 1463 suo
3417 1399 3636 1464 Marte
3682 1406 3860 1464 recte

343 1527 509 1591 mihi
552 1548 635 1591 ex
678 1526 997 1591 Bartholo
1042 1534 1111 1591 et
1150 1525 1387 1591 Iasone
1434 1528 1804 1613 percepisse
1847 1528 2132 1594 videtur.
2221 1531 2422 1596 Brevi
2463 1533 2803 1597 mittemus
2845 1532 2972 1597 tibi
3030 1532 3549 1618 disputationem
3597 1534 3862 1619 impres·

343 1679 503 1737 sam,
556 1664 634 1723 ut
678 1664 746 1723 et
803 1681 921 1724 nos
964 1658 1327 1724 habeamus
1380 1661 1752 1746 exemplum
1811 1661 2080 1746 aliquod
2142 1663 2597 1730 iucundissimi
2638 1664 2922 1741 honoris,
2978 1665 3220 1730 Nervae
3258 1666 3469 1751 patris
3513 1671 3584 1731 et
3622 1666 3863 1730 Nervae

342 1790 509 1873 filii3
571 1793 969 1858 inscribetur
1020 1794 1193 1858 enim
1246 1793 1613 1879 disputatio
1668 1795 1789 1859 illa
1840 1796 2269 1861 Amerbachii
2311 1797 2435 1861 filii
2485 1797 2568 1861 ad
2612 1798 3126 1864 Amerbachium
3175 1804 3451 1884 patrem.
3539 1797 3669 1864 Sed
3721 1800 3864 1863 haeo

345 1924 427 1990 de
481 1925 621 1990 filio
683 1933 800 1992 tuo
854 1927 1194 2009 hactenus,
1241 1928 1354 2012 qui
1409 1928 1571 1992 mihi
1631 1936 1735 1994 est
1790 1931 2025 1994 merito
2082 1930 2338 1996 charus.
2426 1931 2620 1996 Nunc
2663 1932 2982 1996 nonnulla
3027 1932 3153 1997 tibi
3196 1932 3277 1997 de
3321 1932 3545 1998 fratris
3587 1933 3719 1996 mei
3765 1932 3861 1996 Io.

343 2059 561 2125 Ulrici
604 2060 833 2126 liberis
876 2060 1285 2125 subiicienda
1322 2067 1496 2143 sunt,
1543 2062 1782 2146 quibus
1825 2065 2140 2148 profecto,
2186 2070 2262 2129 ut
2291 2086 2413 2149 par
2442 2071 2562 2147 est,
2609 2065 2858 2130 afficior
2889 2066 3327 2141 vehementer,
3371 2088 3502 2130 non
3533 2065 3706 2151 quod
3734 2086 3862 2129 non

343 2198 524 2257 recte
579 2192 755 2279 apud
813 2215 932 2258 vos
983 2200 1298 2258 curentur
1356 2201 1425 2258 et
1481 2194 1863 2276 educentur,
1925 2194 2037 2259 sed
2085 2193 2255 2278 quod
2315 2196 2569 2280 aequius
2614 2204 2787 2263 esset
2831 2219 2942 2262 eos
2986 2198 3162 2283 apud
3206 2220 3358 2263 suos
3402 2199 3625 2283 potius
3670 2219 3865 2283 quam

344 2348 621 2415 peregre
669 2349 830 2395 esse.
918 2330 1011 2395 Et
1065 2330 1359 2415 profecto
1422 2350 1546 2414 ego
1602 2330 1743 2415 ipse
1787 2328 1964 2393 haud
2007 2336 2285 2415 gravate
2332 2349 2443 2394 eos
2487 2330 2570 2393 ad
2614 2352 2718 2394 me
2762 2331 3142 2416 reciperem,
3188 2332 3245 2396 si
3288 2331 3478 2396 modo
3525 2332 3604 2398 de
3652 2336 3865 2420 patris

342 2462 692 2528 voluntate
738 2468 808 2528 et
848 2463 1219 2528 rationibus
1273 2485 1479 2528 essem
1541 2464 1798 2539 certior,
1855 2463 1935 2529 de
1992 2486 2120 2548 quo
2166 2464 2345 2529 intra
2387 2485 2643 2529 menses
2686 2486 2800 2529 sex
2844 2465 3012 2530 nihil
3056 2466 3431 2551 accepimus
3475 2467 3660 2531 certi.
3731 2467 3867 2532 Ubi

342 2598 627 2682 primum
670 2604 895 2663 autem
935 2598 1047 2663 vel
1088 2598 1365 2664 redierit
1406 2601 1516 2664 vel
1560 2598 1917 2684 scripserit,
1963 2596 2175 2662 officio
2220 2596 2441 2682 patrui
2487 2601 2606 2660 aut
2657 2597 2881 2681 potius
2925 2596 3204 2662 alterius
3247 2599 3456 2683 patris
3485 2620 3618 2662 non
3649 2599 3863 2664 deero.

341 2730 623 2796 Interim
668 2753 829 2818 rogo
872 2731 1217 2796 Matheum
1266 2731 1437 2813 Han,
1483 2732 1697 2795 virum
1753 2732 2072 2817 optimum
2119 2737 2187 2796 et
2231 2731 2428 2816 pium,
2474 2736 2573 2811 ut,
2619 2731 2793 2794 sicut
2837 2732 3055 2816 coepit,
3102 2732 3200 2795 ita
3244 2738 3485 2817 pergat
3531 2753 3642 2796 eos
3686 2754 3862 2797 curae

342 2863 620 2947 habere3
676 2886 801 2951 ego
844 2865 1218 2929 liberaliter
1270 2865 1332 2929 ei
1376 2864 1683 2929 satisfieri
1729 2864 1971 2928 curabo
2015 2884 2293 2947 meaque
2336 2862 2465 2927 fide
2512 2884 2767 2927 omnem
2813 2883 3035 2927 eorum
3082 2871 3414 2950 sumptum
3461 2885 3601 2929 esse
3646 2865 3863 2930 iubeo.

343 3000 730 3086 Exposuisti
776 3001 979 3064 etiam
1011 3000 1123 3080 eis,
1157 3020 1273 3085 pro
1320 3005 1395 3063 ut
1426 3020 1507 3063 ex
1536 2998 1757 3085 patria
1795 3000 2202 3083 scripseram,
2234 3002 2371 3061 tres
2402 2996 2780 3061 dimidiatos
2810 3002 3175 3070 coronatos,
3206 3018 3367 3082 quos
3395 2998 3529 3061 iam
3559 3002 3867 3083 acceptos

344 3132 584 3214 intuli3
627 3133 754 3197 tibi
799 3155 971 3210 vem,
1017 3132 1423 3198 Amerbachi
1467 3133 1713 3218 optime
1760 3152 1836 3195 ac
1881 3131 2441 3216 praestantissime,
2486 3152 2604 3217 pro
2651 3131 2906 3216 pietate
2950 3130 3072 3194 illa
3116 3137 3233 3196 tua
3278 3131 3593 3196 adversus
3621 3130 3867 3195 liberos

342 3264 506 3328 istos
554 3271 811 3329 nostros
854 3286 1248 3351 permagnas
1304 3265 1620 3330 habemus
1672 3266 1948 3350 gratiae,
2005 3264 2179 3350 quod
2235 3271 2373 3330 tam
2427 3264 2786 3350 diligenter
2839 3286 2949 3329 eos
3007 3265 3224 3330 curari
3278 3285 3487 3329 cures.
3592 3266 3692 3331 De
3738 3287 3864 3352 quo

344 3398 505 3463 mihi
546 3420 676 3462 non
720 3400 884 3463 satis
925 3398 1279 3463 honorifice
1327 3404 1395 3462 et
1436 3398 1786 3484 magnifice
1830 3421 2094 3485 possum
2136 3399 2439 3476 scribere,
2486 3422 2681 3485 quam
2727 3405 2912 3464 tuam
2957 3400 3277 3485 pietatem
3309 3401 3720 3485 omnipotens
3749 3400 3865 3464 ille

343 3554 561 3598 rerum
622 3539 881 3598 creator
942 3532 1394 3618 compensabit
1439 3532 1583 3598 tibi.
1672 3533 1803 3598 Sed
1849 3538 1918 3598 et
1959 3555 2078 3598 nos
2121 3533 2203 3598 ad
2247 3533 2758 3619 gratificandum
2802 3533 2930 3598 tibi
2968 3539 3289 3619 perpetuo
3336 3535 3557 3619 parati
3603 3535 3863 3598 erimus.

346 3666 525 3732 Bene
571 3666 743 3750 vale,
791 3667 894 3730 vir
939 3665 1336 3748 doctissime,
1384 3671 1453 3730 et
1494 3688 1631 3746 nos,
1678 3671 1752 3729 ut
1796 3667 2070 3752 coepisti,
2118 3687 2337 3730 amare
2382 3687 2607 3752 perge.
2698 3666 3066 3750 Thubingae
3111 3665 3280 3733 Idib.
3325 3666 3605 3751 Aprilis.
3668 3665 3864 3731 Anno

345 3799 485 3865 Sal.
528 3798 860 3864 MDLIII.

2255 3933 2436 3997 Tuus
2479 3934 2863 4000 Nicolaus
2906 3934 3533 4000 Varenbulerus.

596 4064 747 4128 Non
804 4070 1066 4129 tantum
1122 4065 1667 4150 occupationibus
1712 4066 1971 4147 nostris,
2025 4064 2138 4130 sed
2184 4070 2252 4129 et
2295 4063 2509 4127 luctui
2551 4065 2621 4127 in
2666 4084 2793 4148 quo
2837 4084 3175 4128 versamur
3230 4063 3423 4148 gravi
3470 4063 3867 4129 condonabis

343 4199 851 4264 tumultuarium
905 4220 1122 4264 meum
1181 4201 1519 4285 scriptum.
1605 4200 1967 4265 Amisimus
2029 4200 2200 4264 enim
2250 4197 2440 4263 brevi
2496 4197 2811 4283 temporis
2874 4199 3090 4283 spatio
3150 4196 3389 4262 fratres
3433 4204 3501 4262 et
3545 4205 3866 4284 cognatos

345 4331 667 4408 undecim,
711 4331 883 4416 quod
928 4332 1163 4396 merito
1205 4332 1332 4396 toti
1378 4331 1765 4415 cognatione
1811 4331 2260 4395 tristissimum
2304 4334 2405 4396 est
2446 4335 2514 4394 et
2557 4327 2970 4393 horrendum.

1856 4538 1977 4553 vxi-‘¹‘
1982 4537 2130 4554 ‘sm

1988 4700 2214 4765 XXX.

1205 4847 1555 4931 Basilius
1622 4845 2209 4930 Amerbachius
2272 4843 2701 4927 Bonifacio
2766 4843 3007 4954 patri.

1614 5007 1752 5075 (Cod
1792 5008 2053 5063 Basilicus
2098 5006 2157 5062 G.
2198 5007 2244 5061 Ι.
2282 5007 2325 5062 8
2366 5005 2448 5060 fol
2491 5009 2597 5073 15.)

675 5127 1072 5201 Clarissimo
1121 5130 1272 5201 viro
1321 5131 1420 5202 D.
1473 5127 1831 5214 Bonifatio
1881 5128 2356 5217 Amerbaclz-io²
2394 5128 2680 5219 parenti
2730 5126 3148 5199 charissimo.
3250 5125 3569 5197 Basileae.

150 539 3644 579 f————————-————-————-

2061 685 2141 749 47

126 856 131 875 ⁴
341 863 522 927 facto
565 862 790 948 aliquo
830 864 958 929 tibi
1002 868 1343 944 testemur,
1392 864 1687 929 commisi
1732 864 1797 929 ei
1839 865 2016 930 hisce
2064 864 2296 929 diebus
2336 863 2557 928 locum
2600 862 2890 947 aliquem
2943 864 3013 926 in
3058 864 3200 927 iure
3245 869 3469 928 nostro
3513 866 3859 949 perviden-
