4914 6782
823 440 829 783 Ι
2767 489 2810 544 4

1026 716 1404 798 liaritatis
1486 716 1802 796 ratione
1882 716 2058 797 sive
2136 712 2554 797 affinitatis
2635 717 3135 825 contingant,
3214 716 3510 799 natalis
3583 717 3718 799 ubi
3785 719 4387 803 anniversarius
4349 367 4764 802 il-

1024 884 1346 992 luxerit,
1434 885 1839 967 corollarii
1918 886 2334 967 cuiusdam
2398 885 2843 967 festivitate
2908 887 3180 993 beent,
3262 890 3538 997 ecquis
3615 917 3851 997 aequo
3928 892 4195 973 animo
4263 894 4368 974 sit
4427 891 4545 973 la-

1023 1072 1250 1141 turus
1333 1086 1541 1167 eum,
1626 1058 1758 1165 qui
1839 1070 2222 1164 quattuor
2286 1057 2761 1139 saeculorum
2827 1056 3171 1139 feliciter
3231 1070 3749 1168 peractorum
3815 1064 4290 1144 memoriam
4356 1091 4546 1145 con-

1024 1229 1483 1312 celebratm
1484 1257 1579 1311 us
1645 1230 1774 1336 sit,
1842 1229 2301 1311 indotatum
2364 1229 2646 1311 abire?
2773 1229 3031 1338 Igitur
3098 1231 3780 1340 circumspicienti
3845 1234 4067 1341 mihi,
4144 1235 4336 1341 quid
4397 1263 4545 1344 po-

1020 1402 1423 1483 tissimum
1497 1400 1947 1482 munusculi
2021 1400 2253 1482 vobis
2331 1395 2735 1498 offerrem,
2821 1395 3083 1475 visum
3146 1403 3272 1475 est
3334 1423 3495 1476 non
3564 1406 3731 1477 tam
3798 1425 3901 1478 ex
3968 1399 4263 1479 artium
4325 1397 4543 1480 litte-

1018 1599 1395 1654 rarumve
1462 1599 1759 1653 arcano
1825 1572 2044 1654 velut
2106 1599 2436 1653 recessu
2503 1567 2875 1677 quaedam
2937 1566 3417 1675 depromere
3479 1567 3943 1677 ingeniique
4010 1570 4226 1676 quod
4281 1570 4544 1651 sentio

1021 1772 1262 1851 quam
1344 1745 1448 1828 sit
1531 1743 1915 1851 exiguum
1988 1741 2480 1822 luculentum
2558 1737 2884 1845 aliquod
2972 1738 3383 1844 specimen
3481 1738 3760 1844 edere,
3852 1768 4091 1847 quam
4180 1751 4545 1822 veterem

1019 1915 1423 2024 quandam
1530 1914 2005 1996 memoriam
2094 1940 2434 2019 eamque
2520 1911 2602 1991 ni
2676 1908 2914 1992 fallor
2994 1910 3546 2016 gratissimam
3624 1939 3937 2007 eruere,
4037 1912 4247 1994 unde
4327 1910 4543 2018 quod

1016 2093 1181 2170 iam
1247 2100 1432 2169 ante
1496 2088 1675 2168 haec
1739 2088 1898 2168 tria
1962 2085 2259 2167 saecula
2314 2083 2922 2191 Tubingensem
2988 2082 3200 2162 inter
3261 2081 3962 2190 Basiliensemque
4011 2083 4543 2165 Academiam

1014 2260 1572 2341 intercesserit
1670 2258 2244 2340 commercium
2341 2254 2737 2364 praeclaro
2824 2250 3200 2359 exemplo
3284 2264 3705 2364 appareat.
3840 2252 4103 2354 Quam
4170 2254 4542 2360 equidem

1017 2431 1291 2512 dotem
1368 2457 1856 2537 quamquam
1920 2426 2177 2537 probe
2244 2427 2414 2507 scio
2480 2425 2714 2506 huius
2783 2425 2943 2507 diei
3003 2423 3512 2533 amplitudini
3565 2423 4188 2529 haudquaquam
4259 2453 4543 2533 parem

1017 2628 1231 2705 esse,
1319 2611 1593 2682 tamen
1681 2627 1922 2706 quum
2004 2598 2564 2679 doctissimum
2640 2624 3038 2704 quemque
3107 2596 3394 2676 deceat
3462 2594 3804 2675 eundem
3869 2594 4541 2677 humanissimum

1016 2801 1222 2878 esse,
1262 2770 1710 2881 sportulam
1745 2799 2009 2852 meam
2048 2769 2446 2876 siquidem
2483 2766 3048 2851 HOMINUM
3095 2766 3599 2874 quorundam
3635 2765 4205 2874 lepidissima
4187 2769 4540 2876 lmagine

1016 2946 1548 3047 contineatur,
1630 2970 1791 3023 non
1855 2969 2190 3051 prorsus
2253 2941 2677 3050 indignam
2744 2968 2922 3021 esse
2987 2940 3339 3020 iudicavi
3383 2948 3660 3021 vestra
3722 2937 4535 3047 ΗΠΝΙΑΝΙΤΑΤΕ,

1013 3118 1307 3226 quippe
1395 3117 1529 3223 qui
1610 3113 1940 3196 humani
2019 3111 2218 3193 nihil
2297 3141 2346 3194 a
2409 3112 2644 3193 vobis
2721 3111 3071 3194 alienum
3147 3111 3476 3221 putetis,
3605 3109 3977 3218 Accedit,
4064 3111 4281 3218 quod
4358 3139 4536 3219 quae

1010 3288 1257 3370 hodie
1336 3288 1805 3370 solemnitas
1881 3287 2255 3368 instituta
2321 3294 2446 3366 est
2513 3285 2617 3365 ad
2682 3286 3285 3394 praeteritorum
3349 3283 3825 3364 memoriam
3891 3293 4345 3393 temporum
4404 3311 4533 3364 re-

1010 3460 1465 3542 vocandam
1560 3454 2125 3541 HOMINUM
2218 3456 2738 3567 potissimum
2833 3455 3379 3536 reminiscitur
3479 3483 3757 3536 eorum
3854 3482 4195 3562 quorum
4284 3483 4536 3564 opera

1009 3630 1311 3714 factum
1398 3640 1547 3735 est,
1636 3643 1722 3710 ut
1786 3627 2237 3710 Academia
2318 3637 2598 3710 vestra
2677 3628 2782 3710 ad
2865 3636 3179 3708 tantum
3264 3637 3565 3735 quanto
3648 3627 3894 3709 hodie
3969 3627 4209 3710 floret
4268 3627 4532 3709 laudis

1009 3803 1425 3912 fastigium
1510 3802 1616 3883 sit
1695 3811 2003 3883 evecta.
2172 3798 2309 3880 Ex
2386 3797 2842 3883 litterarum
2925 3813 3196 3883 autem
3277 3802 3672 3883 memoria
3754 3799 3888 3908 qui
3970 3797 4531 3882 HOMINUM

1007 3976 1363 4084 vestigia
1423 3973 1555 4055 vel
1616 4001 1860 4084 posse
1928 3971 2323 4055 eliminari
2387 3973 2515 4056 vel
2583 3974 2884 4054 debere
2947 3974 3276 4083 iudicet,
3345 4002 3494 4084 pro
3561 3975 3803 4056 rebus
3868 3975 4069 4084 ipsis
4115 3972 4530 4082 vepallida

1008 4175 1279 4227 rerum
1363 4146 1795 4227 simulacra
1881 4153 2158 4254 captat
2241 4146 2699 4253 nubemque
2774 4145 3288 4255 amplectitur
3366 4175 3515 4255 pro
3592 4144 3945 4227 Junone.
4087 4142 4201 4224 Et
4276 4144 4529 4225 habet

1008 4318 1149 4401 illa
1230 4318 1692 4400 recordatio
1771 4368 1880 4376 ——
1960 4317 2456 4426 pietatemne
2547 4317 2861 4399 dicam?
2929 4327 3039 4377 -“-
3116 4316 3674 4398 incredibilem
3763 4317 4167 4424 quandam
4255 4319 4523 4398 suavi-

1008 4503 1289 4596 tatem,
1359 4490 1427 4571 si
1493 4489 1815 4597 quidem
1883 4516 2153 4570 rerum
2215 4490 2930 4597 institutorumque
2994 4489 3214 4571 fluxa
3280 4500 3360 4570 et
3421 4487 3732 4597 fragilis
3800 4499 3926 4570 est
3992 4487 4349 4570 conditio
4402 4490 4523 4568 vi-

1012 4664 1380 4770 ciumque
1444 4661 1700 4743 fertur
1763 4661 2083 4743 turbine
2145 4671 2543 4770 perpetuo
2607 4689 2760 4742 nec
2825 4663 3265 4769 quidquam
3331 4660 3623 4743 stabile
3677 4672 3979 4771 praeter
4023 4658 4521 4744 HOMINIS

1007 4844 1377 4915 naturam
1447 4861 1550 4914 ex
1615 4859 1798 4939 qua,
1882 4830 2133 4912 veluti
2200 4858 2304 4912 ex
2369 4832 2729 4942 specuIO,
2799 4862 3364 4943 repercussam
3434 4833 3715 4915 videas
3781 4834 3898 4915 tui
3941 4834 4188 4915 animi
4231 4833 4521 4941 imagi-

1004 5034 1216 5087 nem.
1347 5004 1609 5114 Igitur
1657 5033 1863 5086 ·cum
1939 5015 2231 5086 ceterae
2308 5032 2885 5113 usquequaque
2953 5004 3423 5086 Academiae
3490 5017 3658 5087 tum
3726 5015 4001 5087 vestra
4064 5015 4524 5114 temporum

1009 5178 1355 5258 decursu
1415 5176 1846 5286 plurimum
1914 5178 2161 5259 subiit
2224 5177 2833 5284 vicissitudiniS,
2905 5204 3060 5283 quo
3127 5177 3207 5256 in
3273 5203 3573 5285 genere
3639 5177 3914 5258 nescio
3969 5203 4074 5257 an
4113 5175 4310 5256 illud
4351 5176 4517 5285 pri-

796 5197 805 5566 ι
1003 5350 1345 5430 marium
1406 5348 1672 5431 locum
1738 5361 2014 5433 teneat
2080 5351 2297 5458 quod
2364 5378 2542 5457 quae.
2607 5360 2777 5431 tum
2843 5350 2924 5430 in
2991 5350 3207 5430 omni
3274 5377 3541 5430 rerum
3595 5359 3887 5430 natura
3929 5346 4520 5456 perscrutanda

3369 5549 4736 5623 ——--...—-s
