4914 6782
300 5779 317 5788 x
320 5787 431 5798 &—

2181 702 2263 765 59

457 903 785 968 ficandum
835 904 962 971 tibi
1005 905 1269 989 tuisque
1311 925 1567 990 semper
1610 905 2165 989 promptissimam
2215 904 2364 966 boni
2411 902 2730 968 consules.
2821 900 3012 975 Quod
3060 901 3292 966 scribis
3337 922 3531 986 porro
3581 901 3660 965 de
3714 902 3985 968 consilio

460 1044 580 1103 tuo
627 1037 707 1101 ob
752 1038 874 1102 filii
911 1039 1138 1102 basilii
1180 1038 1471 1103 rationes
1504 1038 1858 1122 propositO,
1892 1036 2087 1100 facile
2131 1034 2324 1099 credo
2371 1056 2643 1120 gravem
2676 1035 2800 1099 tibi
2833 1034 3168 1099 exstitisse
3203 1034 3747 1099 deliberationem
3777 1035 3983 1102 illam.

464 1175 561 1240 Ut
607 1175 779 1238 enim
825 1179 1057 1258 optata
1104 1174 1192 1237 sit
1237 1179 1305 1237 et
1351 1193 1665 1257 perquam
1714 1171 2033 1256 praeclara
2066 1192 2103 1233 a
2139 1171 2415 1233 Domino
2464 1168 2783 1234 Gribaldo
2831 1168 3058 1232 oblata
3090 1168 3372 1248 occasio,
3414 1169 3511 1231 ita
3544 1168 3984 1253 periculosum
4077 1187 4085 1195 ·

465 1315 566 1371 est
612 1306 869 1371 Italicis
910 1306 1202 1370 moribus
1249 1311 1315 1370 et
1360 1304 1982 1384 abominationibus,
2034 1309 2107 1366 ut
2153 1302 2232 1366 de
2273 1303 2419 1367 coeli
2452 1304 2752 1388 aerisque
2800 1302 3125 1387 praecipiti
3156 1303 3522 1366 mutatione
3553 1302 3719 1365 nihil
3751 1301 3981 1385 dica-m,

462 1438 707 1503 liberos
755 1439 984 1504 charos
1029 1420 1453 1512 committere,
1498 1440 1623 1503 nisi
1666 1438 1835 1523 quod
1882 1460 1983 1501 me
2040 1443 2295 1500 recreat
2340 1443 2478 1499 tum
2527 1434 2758 1499 Basilii
2804 1436 3019 1521 pietas
3065 1440 3265 1519 atque
3312 1435 3661 1521 prudentia
3710 1442 3777 1499 et
3823 1457 3984 1521 prae·

464 1576 752 1659 ceptoris
795 1575 916 1653 sui,
960 1575 1086 1637 viri
1134 1573 1672 1637 excellentissimi
1706 1579 1772 1636 et
1806 1577 1879 1634 ut
1910 1570 2105 1634 audio
2153 1569 2430 1633 hominis
2477 1568 2836 1648 christiani,
2881 1567 3011 1631 fida
3054 1589 3230 1632 cura.
3318 1569 3636 1633 Basilium
3669 1571 3842 1633 enim
3885 1571 3984 1634 ita

462 1707 689 1771 divina
733 1710 953 1792 gratia
998 1708 1305 1772 affectum
1352 1715 1420 1773 et
1460 1709 1841 1771 institutum
1886 1705 2354 1779 animadvertO,
2403 1712 2478 1767 ut
2521 1726 2650 1767 non
2695 1703 2820 1765 nisi
2869 1703 2945 1765 ττὶ
2992 1701 3324 1785 aucupe-<m
3368 1700 3449 1763 ad
3495 1703 3884 1767 imitandum
3918 1709 3985 1767 et

461 1842 993 1924 consequendum
1038 1842 1164 1906 sibi
1209 1845 1297 1907 sit
1359 1846 1815 1929 propositurus
1874 1853 2242 1929 caeteraque
2288 1846 2390 1909 his
2435 1846 2765 1908 contraria
2809 1865 3059 1908 summo
3104 1843 3320 1907 studio
3367 1845 3720 1907 vitaturus,
3810 1842 3984 1917 Quia

461 1994 639 2052 ver0,
685 1976 775 2037 mi
821 1974 1240 2055 Amerbachi,
1288 1984 1353 2039 te
1401 1997 1676 2040 veneror
1720 1979 1952 2042 merito
2004 1984 2072 2042 et
2114 1978 2320 2042 filium
2369 1979 2685 2042 Basilium
2730 1999 2875 2040 amo
2930 1998 3012 2040 ex
3059 1977 3276 2040 animo
3308 1978 3500 2061 eique
3532 1976 3682 2040 volo
3716 1976 3982 2062 optime,

462 2107 584 2170 hoc
632 2108 830 2171 etiam
878 2107 1000 2171 tibi
1048 2107 1419 2192 significare
1465 2108 1685 2189 libuit,
1734 2118 1808 2173 ut
1851 2111 1906 2174 si
1952 2110 2058 2174 vel
2106 2111 2230 2174 tibi
2279 2110 2386 2174 vel
2411 2111 2660 2174 Basilio
2711 2116 2980 2195 peracto
3027 2109 3394 2174 studiorum
3441 2131 3630 2173 cursu
3679 2110 3747 2171 in
3779 2108 3983 2172 Italia

462 2241 869 2304 commodum
918 2241 1225 2306 videatur
1269 2264 1344 2306 ac
1391 2243 1655 2329 placeat
1700 2252 1773 2308 ut
1817 2244 2080 2330 publice
2126 2243 2414 2307 docendo
2462 2246 2528 2307 in
2572 2244 2812 2308 scholis
2852 2265 2993 2308 sese
3041 2252 3367 2324 exerceat,
3412 2264 3676 2328 sperare
3722 2266 3823 2307 me
3869 2244 3982 2306 im·

463 2374 790 2459 peti-abile
835 2375 973 2439 fore
1020 2377 1085 2440 in
1133 2382 1355 2441 nostra
1378 2377 1740 2441 Academia
1784 2378 1999 2441 locum
2046 2379 2105 2441 ei
2152 2377 2440 2441 concedi.
2532 2378 2700 2440 Dum
2746 2379 2916 2441 enim
2961 2385 3227 2442 aetatem
3276 2384 3342 2441 et
3372 2378 3713 2463 ingenium
3751 2379 3984 2443 Basilii

463 2507 820 2588 considero,
871 2511 983 2572 vix
1030 2508 1218 2572 video
1266 2509 1438 2594 quod
1482 2532 1635 2573 nam
1681 2511 1863 2574 aliud
1906 2532 2140 2575 munus
2185 2511 2416 2575 utilius
2464 2512 2524 2574 ei
2566 2516 2633 2575 et
2680 2512 3078 2576 commodius
3124 2514 3504 2598 contingere
3537 2521 3781 2598 posset,
3832 2515 3982 2577 dum

461 2661 587 2702 non
624 2640 808 2703 modo
854 2640 1076 2704 studia
1120 2642 1283 2704 iuris
1320 2643 1683 2706 rectissime
1715 2642 1996 2728 legendo
2028 2643 2388 2717 firmantur,
2419 2642 2532 2707 sed
2565 2651 2633 2707 et
2663 2645 2729 2707 in
2763 2644 3046 2730 collegio
3079 2645 3416 2710 doctorum
3449 2668 3606 2710 vera
3639 2654 3707 2711 et
3735 2649 3981 2730 optima

465 2776 687 2858 praxis
732 2782 799 2837 et
832 2796 988 2838 usus
1021 2775 1295 2838 theoriae
1338 2780 1578 2839 nostrae
1611 2775 1889 2840 discitur
1933 2777 2015 2840 ob
2062 2776 2450 2861 quotidiana
2484 2778 2757 2861 negocia
2792 2783 2858 2841 et
2891 2799 3140 2852 causas,
3186 2801 3349 2863 quas
3386 2780 3494 2843 vel
3538 2780 3983 2845 consultamus

462 2908 570 2972 vel
615 2908 1000 2987 iudicamus,
1054 2915 1126 2971 ut
1171 2908 1403 2972 deinde
1436 2908 1516 2971 ad
1551 2915 1810 2995 tempus
1840 2908 2106 2993 aliquod
2137 2911 2229 2973 sic
2261 2909 2625 2972 exercitato
2657 2910 2922 2992 ingenio
2954 2910 3341 2974 facillimum
3372 2912 3461 2975 sit
3491 2911 3984 2978 honestissimas

462 3062 759 3125 quasque
805 3042 1239 3122 condicioneS,
1287 3063 1429 3126 quae
1474 3042 1581 3105 vel
1628 3042 1801 3105 ultro
1848 3040 2228 3121 offeruntur,
2274 3041 2586 3104 nancisci.
2648 3043 2738 3106 Et
2770 3043 2823 3106 si
2855 3042 2937 3107 ad
2967 3043 3121 3107 illas
3151 3045 3595 3129 cogitationes
3625 3044 3981 3129 aliquando

465 3174 832 3256 deducaris,
882 3176 1157 3241 efficiam
1204 3185 1279 3240 ut
1317 3178 1565 3240 sentias
1610 3198 1677 3240 re
1723 3178 1865 3262 ipsa
1926 3184 1994 3241 et
2037 3175 2245 3239 filium
2289 3181 2477 3238 tuum
2525 3177 2732 3241 amari
2779 3197 2818 3239 a
2862 3198 2964 3240 me
3009 3183 3077 3241 et
3118 3182 3187 3241 te
3223 3177 3490 3241 Patrem
3534 3179 3750 3241 virum
3796 3200 3982 3242 orna-

465 3309 788 3372 tissimum
835 3308 1193 3373 observari.
1261 3309 1402 3372 Hoc
1451 3311 1649 3372 etiam
1700 3316 2025 3396 postremo
2073 3331 2232 3396 rogo
2280 3315 2371 3389 ut,
2417 3310 2469 3372 si
2515 3310 2612 3372 ita
2657 3310 2824 3372 feret
2863 3308 3139 3389 occasio,
3173 3309 3494 3373 Basilium
3527 3310 3633 3374 hio
3663 3310 3837 3397 apud
3867 3333 3985 3376 nos

465 3444 533 3505 in
577 3443 934 3508 Germania
982 3443 1322 3508 doctoreos
1366 3445 1644 3509 honores
1690 3448 1911 3530 potius
1955 3468 2148 3530 quarn
2194 3448 2262 3509 in
2305 3445 2511 3510 Italia
2555 3447 2852 3530 accipere
2907 3446 3188 3529 patiare.
3276 3446 3374 3508 De
3415 3446 3654 3528 quibus
3686 3446 3985 3510 omnibus

468 3577 589 3661 ipsi
635 3576 998 3641 discedenti
1043 3578 1149 3642 hic
1193 3600 1335 3641 sum
1381 3579 1662 3660 locutus,
1711 3585 1779 3642 et
1814 3579 2027 3642 sentio
2069 3579 2152 3643 ab
2200 3601 2275 3643 eo
2321 3579 2601 3665 probari,
2655 3580 2710 3642 si
2771 3584 2926 3642 tuus
2966 3599 3222 3664 quoque
3271 3577 3564 3641 calculus
3609 3580 3982 3653 accesserit,

464 3709 602 3772 sine
665 3732 793 3793 quo
855 3711 1022 3774 nihil
1079 3718 1336 3775 statuet
1391 3714 1459 3776 in
1509 3713 1899 3776 universum.
1985 3713 2185 3776 Mitto
2233 3714 2433 3776 etiam
2480 3712 2606 3776 tibi
2648 3713 2754 3777 hic
2802 3721 2871 3776 et
2916 3711 3174 3776 domino
3219 3712 3423 3779 Coelio
3471 3712 3987 3797 disputationem

463 3846 774 3921 nostram,
820 3844 876 3905 si
918 3843 1086 3906 forte
1134 3843 1212 3906 ad
1260 3866 1377 3908 vos
1419 3845 1707 3909 nondum
1751 3848 2192 3930 pervenisset3
2240 3866 2433 3930 quam
2479 3847 2861 3931 praescripto
2909 3844 3013 3909 die
3061 3865 3208 3908 cum
3251 3843 3446 3907 laude
3493 3863 3649 3907 sane
3697 3844 3985 3906 omnium

464 3973 700 4038 habuit
743 3973 918 4038 filius
963 3982 1135 4058 tuus,
1182 3982 1249 4039 et
1294 3976 1362 4039 in
1403 3997 1472 4040 re
1517 3976 1748 4042 subtili
1795 3986 1864 4042 et
1907 3980 2308 4064 amplissima
2354 3979 2489 4042 tale
2537 3979 2903 4063 periculum
2950 3979 3028 4041 de
3061 4000 3129 4042 se
3161 3977 3425 4063 publice
3455 3977 3632 4050 fecit,
3674 3977 3868 4061 quale
3901 3977 3984 4040 ab

465 4106 597 4169 alio
644 4108 881 4191 aequali
928 4108 1029 4172 hic
1072 4131 1197 4172 non
1246 4116 1344 4173 est
1388 4110 1624 4192 visum3
1672 4111 1845 4195 quod
1888 4135 2014 4175 non
2062 4112 2332 4176 auribus
2376 4112 2512 4176 tuis
2555 4111 2666 4176 sed
2715 4112 2984 4175 veritati
3032 4110 3274 4174 damus
3342 4110 3558 4173 Pudet
3603 4116 3824 4173 autem
3869 4131 3988 4185 me,

466 4240 637 4324 quod
690 4241 1007 4305 hactenus
1067 4242 1149 4304 ad
1210 4243 1662 4307 humanissimi
1716 4244 1904 4310 Coelii
1957 4245 2220 4309 litteras
2276 4244 2440 4308 nihil
2500 4246 2942 4330 rescripserim
3002 4251 3070 4309 et
3113 4246 3245 4309 iam
3291 4246 3493 4309 etiam
3537 4266 3665 4307 non
3711 4244 3986 4328 possim3

467 4396 669 4457 quare
714 4396 873 4460 rogo
921 4383 996 4439 ut
1040 4376 1101 4438 ei
1143 4398 1244 4440 me
1292 4377 1458 4441 velis
1504 4384 1929 4442 excusare.et
1972 4378 2091 4442 has
2136 4400 2298 4463 quas
2342 4377 2425 4441 ad
2467 4385 2532 4441 te
2579 4377 2659 4441 do
2704 4399 3074 4442 communes
3120 4399 3267 4442 cum
3298 4376 3417 4441 illo
3459 4376 3721 4440 habere.
3811 4375 3988 4440 Scri-

466 4505 617 4568 bam
663 4507 874 4571 adhuc
922 4510 999 4583 ei,
1044 4530 1188 4572 cum
1244 4511 1451 4573 otium
1496 4512 1641 4591 erit,
1698 4519 1815 4575 aut
1858 4512 2077 4596 patior
2122 4513 2339 4575 omnia
2384 4511 2696 4596 praesidia
2744 4518 2812 4576 et
2854 4510 3142 4575 remedia
3185 4511 3347 4574 iuris
3393 4531 3538 4594 quae
3586 4515 3816 4573 contra
3858 4531 3991 4571 mo·

468 4662 649 4705 rosos
706 4647 939 4706 extant
999 4642 1312 4706 adversus
1366 4664 1465 4706 me
1529 4643 1804 4707 intendi.
1894 4644 2237 4708 Salutabis
2295 4646 2496 4709 etiam
2550 4666 2698 4708 eum
2741 4645 2904 4708 meis
2950 4643 3168 4707 verbis
3211 4642 3658 4705 amantissime
3707 4662 3852 4704 cum
3898 4641 3988 4704 M.

470 4773 734 4857 Nysaeo.
823 4774 998 4837 Ecce
1043 4775 1236 4838 mitto
1284 4777 1485 4838 etiam
1532 4776 1658 4839 tibi
1702 4775 2001 4839 tabulam
2045 4778 2376 4839 rationum
2420 4783 2789 4840 nostrarum
2833 4775 2910 4838 de
2957 4775 3250 4860 acceptis
3291 4779 3359 4837 et
3405 4774 3708 4856 expensis
3753 4772 3991 4836 Basilii

472 4925 686 4987 causa,
736 4906 1037 4990 quodque
1084 4909 1410 4992 reliquum
1440 4909 1570 4972 fuit
1601 4910 1661 4972 ei
1695 4908 2143 4972 adnumeravi.
2213 4909 2285 4974 Si
2316 4913 2389 4972 tu
2424 4908 2582 4992 quid
2613 4907 2895 4993 amplius
2927 4907 3183 4991 accepti
3217 4927 3255 4969 a
3287 4904 3475 4969 nobis
3504 4905 3690 4980 scia8‚
3736 4905 3994 4969 salvum

472 5045 572 5102 est
610 5038 821 5104 adhuc
866 5039 1124 5104 addere.
1193 5042 1463 5125 Agnovi
1497 5043 1698 5105 etiam
1729 5049 2029 5105 mutuum
2059 5042 2250 5105 fratri
2281 5063 2426 5105 meo
2462 5041 2687 5105 datum
2720 5047 2786 5105 et
2817 5040 3110 5124 acceptis
3140 5039 3382 5119 addidi,
3431 5038 3510 5102 de
3546 5060 3673 5123 quo
3704 5038 3993 5104 Basilius

473 5172 725 5256 aliquid
771 5173 896 5237 tibi
942 5173 1252 5236 subiiciet
1297 5172 1471 5257 quod
1514 5174 1800 5239 scribere
1845 5174 2048 5238 nolui.
2138 5176 2268 5240 Pro
2327 5176 2511 5239 victu
2569 5190 2636 5239 et
2691 5173 3177 5239 sustentatione
3234 5171 3469 5235 Basilii
3521 5176 3780 5235 tantum
3827 5194 3993 5236 com-

474 5308 705 5390 putavi
754 5307 1076 5392 expensis„
1125 5313 1444 5390 quantum
1477 5305 1594 5371 alii
1624 5307 1911 5388 solvunt,
1944 5308 2114 5391 quod
2142 5313 2304 5393 puto
2336 5308 2462 5371 tibi
2491 5329 2621 5371 non
2651 5328 2855 5393 grave
2888 5307 3057 5386 fore;
3088 5307 3182 5370 sic
3216 5306 3389 5368 enim
3419 5303 3716 5390 postulat
3748 5303 3993 5367 caritas

474 5460 748 5503 annonae
794 5461 925 5526 qua
983 5440 1304 5505 hactenus
1349 5441 1450 5503 usi
1493 5461 1732 5520 summ,
1792 5447 1860 5505 et
1907 5441 2294 5526 dispeream,
2342 5440 2395 5503 si
2439 5438 2648 5502 ullum
2693 5439 2948 5503 lucrum
2995 5446 3254 5525 captem
3301 5460 3340 5502 a
3385 5436 3872 5502 convictoribus
3916 5458 3991 5501 ac

480 5593 607 5634 non
653 5575 876 5656 potius
946 5571 1144 5636 officii
1202 5577 1271 5637 et
1328 5573 1763 5638 humanitatis
1820 5573 2042 5659 gratia
2102 5572 2218 5655 qui
2273 5572 2437 5635 mihi
2492 5570 2857 5656 probantur
2914 5577 3279 5635 sustentem
3335 5591 3609 5634 mecum.
3698 5568 3990 5653 Cumque

2864 5792 4012 5801 ffl—„ffl——
4057 5739 4185 5796 -J
