4914 6782
2771 620 2853 684 48

1041 841 1155 906 sed
1210 843 1515 927 quoniam
1570 843 1640 906 id
1697 842 2030 907 commode
2085 842 2231 908 fieri
2282 866 2410 908 non
2475 847 2710 930 potuit,
2763 845 3187 934 vehementer
3240 845 3451 911 doleo.
3538 844 3934 909 Invitandus
3988 844 4254 930 quidem
4299 849 4445 908 erat
4487 843 4560 906 in

1042 973 1302 1038 domum
1341 975 1778 1060 Praeceptoris
1820 975 1968 1056 mei,
2016 982 2092 1040 ut
2136 996 2213 1040 eo
2252 976 2491 1042 saltem
2535 977 2779 1042 indicio
2823 999 3039 1043 meum
3083 1000 3368 1044 amorem
3416 977 3855 1050 declararem:
3895 977 4010 1042 sed
4055 998 4201 1041 cum
4247 976 4364 1041 alii
4407 990 4574 1041 con·

1038 1111 1326 1175 victores
1379 1110 1673 1196 hospites
1726 1109 2050 1176 adducere
2107 1132 2237 1175 non
2293 1112 2776 1194 consueverint,
2835 1111 3188 1176 absurdum
3250 1113 3409 1175 novi
3469 1111 3811 1197 quippiam
3877 1112 3955 1183 ¹in
4008 1110 4245 1174 alienis
4308 1108 4560 1173 sedibus

1038 1243 1257 1307 moliri
1324 1245 1717 1321 existimavi,
1764 1266 1910 1309 cum
1955 1247 2323 1331 praesertim
2376 1245 2555 1311 Hera
2598 1246 2766 1311 nihil
2812 1248 3180 1332 comparari
3224 1268 3434 1333 posse,
3482 1247 3684 1311 etiam
3729 1244 4069 1331 duplicato
4115 1245 4351 1331 pretiO,
4395 1265 4563 1307 nun-

1042 1397 1239 1460 quam
1292 1399 1423 1442 non
1469 1385 1927 1463 conqueratur.
2016 1378 2146 1445 Sed
2192 1386 2432 1462 tamen,
2480 1380 2653 1465 quod
2698 1382 2905 1466 potui,
2951 1380 3018 1445 id
3065 1382 3346 1466 prestiti.
3433 1378 3934 1466 Quamprimum
3975 1380 4163 1444 illum
4208 1378 4560 1443 advenisse

1043 1513 1351 1598 comperi,
1398 1511 1596 1594 adivi,
1655 1513 1943 1578 salutavi
2001 1516 2208 1580 amice
2261 1521 2330 1580 et
2379 1516 2686 1598 civiliter,
2745 1523 3064 1601 quantum
3109 1516 3317 1601 potui,
3373 1516 3754 1602 complexus
3795 1536 3958 1594 sum,
4011 1535 4225 1578 meam
4271 1535 4561 1601 operam,

1041 1646 1096 1709 si
1141 1667 1219 1711 ea
1259 1645 1603 1732 indigeret,
1647 1648 1883 1727 obtuli,
1928 1648 2223 1733 quotidie
2267 1650 2468 1715 invisi
2512 1656 2581 1715 et
2623 1650 2824 1714 semel
2869 1670 3114 1713 caenam
3157 1669 3301 1713 cum
3345 1650 3465 1714 illo
3511 1651 3776 1735 sumpsi,
3836 1656 3912 1714 ut
3954 1670 4224 1735 sperem,
4271 1647 4445 1733 quod
4486 1648 4565 1712 in

1044 1781 1217 1846 aedes
1275 1781 1359 1845 D.
1404 1780 1669 1845 Nicolai
1726 1804 1854 1845 non
1908 1782 2306 1864 deduxerim,
2362 1783 2538 1847 haud
2596 1784 2871 1848 moleste
2925 1783 3114 1847 illum
3184 1785 3496 1848 laturum.
3585 1782 3685 1848 De
3754 1782 4084 1847 Patavina
4151 1782 4564 1868 profectione

1040 1936 1250 2001 nuper
1293 1915 1446 2001 quid
1492 1916 1652 1980 mihi
1698 1915 1991 2001 placeret
2035 1918 2286 2002 scripsi,
2356 1917 2531 2002 quod
2580 1917 2723 1983 ideo
2769 1918 3051 2004 amplius
3108 1917 3455 2003 displicere
3498 1939 3627 1980 non
3672 1921 3910 2001 potest,
3967 1917 4123 2001 quia
4167 1916 4362 1981 video
4409 1938 4564 1982 ean·

1041 2048 1188 2114 dem
1232 2056 1347 2114 tuo
1396 2051 1598 2115 etiam
1645 2050 1900 2115 calculo
1940 2051 2204 2136 probari
2250 2054 2664 2117 sententiam.
2752 2053 3044 2118 Galliam
3090 2073 3370 2138 quoque,
3417 2052 3473 2115 si
3504 2050 3836 2116 commode
3870 2051 4014 2115 fieri
4043 2056 4286 2135 potest,
4331 2051 4564 2116 videre

1044 2184 1258 2269 cupi0,
1304 2184 1418 2249 sed
1463 2207 1547 2248 an
1593 2185 1917 2250 conducat
1959 2188 2090 2250 iam
2135 2193 2255 2251 aut
2296 2193 2445 2273 post
2488 2185 2670 2250 aliud
2716 2191 2975 2271 tempus
3019 2207 3164 2250 eam
3192 2187 3496 2267 invisere,
3541 2191 3617 2250 tu
3649 2186 3895 2270 optime
3927 2186 4125 2249 nosti.
4213 2183 4563 2272 Quaprop-

1042 2323 1146 2381 ter
1192 2318 1365 2401 quod
1408 2318 1571 2382 mihi
1615 2319 2094 2383 conducibilius
2138 2321 2638 2401 existimaveri8‚
2681 2320 2748 2383 id
2791 2320 2976 2404 sequi
3023 2325 3273 2384 certum
3301 2327 3417 2385 est.
3491 2321 3661 2385 Bene
3692 2322 3862 2404 vale,
3911 2322 4307 2388 Charissime
4346 2329 4564 2408 pater.

1043 2449 1431 2540 Thubingae.
1484 2451 1581 2515 13.
1629 2450 1939 2517 Calendis
1982 2451 2145 2516 Maii
2190 2452 2384 2515 Anno
2434 2452 2614 2515 1553.

2333 2585 2516 2649 Tuus
2559 2585 3136 2650 obedientissimus
3178 2586 3354 2650 filius
3392 2589 3740 2653 Basilius
3788 2590 4391 2656 Amerbachius.

1294 2743 1632 2830 Exceptus
1689 2752 1789 2810 est
1844 2746 1950 2809 hic
2011 2745 2093 2809 D.
2141 2726 2554 2809 Panthaleon
2612 2745 2915 2830 benigne,
2971 2752 3112 2808 tum
3171 2767 3210 2809 a
3275 2746 3455 2810 Duce
3501 2745 3989 2832 Christoph0r0‚
4034 2753 4175 2811 tum
4218 2770 4258 2812 a
4304 2745 4565 2813 Comite

1046 2872 1336 2962 Georgio
1379 2877 1571 2961 eique
1616 2878 2073 2963 praedicaturae
2120 2877 2409 2942 conditio
2455 2881 2559 2959 (ut
2604 2877 2874 2961 vocant)
2922 2878 3150 2942 oblata
3196 2885 3318 2959 est,
3367 2886 3435 2943 et
3479 2879 3822 2943 facultatis
3852 2879 4269 2963 Theologicae
4299 2881 4564 2945 nomine

1042 3009 1243 3074 semel
1298 3016 1499 3095 atque
1555 3011 1796 3073 iterum
1858 3011 2184 3075 invitatus
2245 3016 2371 3092 est,
2427 3010 2599 3095 quod
2644 3011 2792 3075 ideo
2838 3018 2904 3075 te
2948 3013 3113 3076 scire
3160 3011 3326 3087 volo,
3374 3015 3682 3098 quoniam
3728 3014 3810 3078 D.
3857 3015 4273 3079 Panthaleon
4321 3022 4395 3079 ut
4437 3015 4567 3081 hoc

1043 3143 1328 3207 facerem
1387 3148 1455 3206 et
1507 3163 1576 3206 se
1635 3141 1761 3205 tibi
1826 3142 2360 3217 commendarem,
2420 3164 2564 3207 cum
2626 3144 2744 3207 has
2786 3143 3018 3207 literas
3060 3144 3193 3208 iam
3238 3144 3678 3217 absolvissem,
3724 3168 3826 3210 me
3871 3147 4215 3230 rogitavit.
4304 3148 4562 3213 Iterum

1045 3275 1214 3357 vale,
1262 3275 1654 3341 Charissime
1700 3275 1920 3339 Pater.

1245 3410 1598 3477 (Praesentatae
1631 3410 1778 3465 Beati
1810 3411 1973 3466 Marci
2008 3411 2355 3481 Evangefistae
2396 3413 2480 3468 25.
2519 3413 2686 3481 April.
2724 3414 2810 3466 ΑΟ.
2847 3413 2950 3474 53.)

2729 3643 3015 3659 ὛΝκἏΝΜ

2670 4011 2933 4079 XXXI.

1896 4187 2247 4271 Basilius
2313 4187 2909 4270 Amerbachius
2975 4187 3399 4270 Bonifacio
3462 4191 3706 4299 patri.

2341 4374 2484 4441 (Cod.
2519 4375 2788 4430 Basilicus.
2858 4374 2920 4429 G.
2959 4376 2998 4428 1.
3033 4379 3080 4432 8.
3117 4377 3202 4430 fol.
3242 4378 3343 4432 16.)

1325 4525 1764 4615 Amplissimo
1814 4526 1964 4596 viro
2016 4524 2113 4596 D.
2165 4520 2528 4608 Bonifatio
2580 4521 3055 4613 Amerbachia
3096 4525 3380 4614 parenti
3433 4524 3852 4596 charissimo,
3939 4525 4260 4597 Basileoe.

2672 4724 2968 4739 tNNNN-f'

1297 4837 1364 4904 S.
1409 4840 1486 4903 P.
1575 4839 1969 4906 charissime
2016 4842 2239 4906 Pater.
2330 4840 2494 4907 Cum
2539 4841 2647 4905 hic
2689 4841 2966 4904 nuntius
3007 4840 3139 4902 iam
3184 4839 3313 4901 iam
3348 4836 3430 4902 ad
3459 4858 3562 4902 me
3594 4840 3970 4923 pervenerit
4000 4859 4201 4923 seque
4240 4838 4570 4904 Basileam

1045 4970 1493 5053 profecturum
1545 4973 1934 5057 promiserit,
1988 4973 2171 5037 nolui
2225 4994 2443 5058 neque
2501 4972 2667 5037 hanc
2725 4972 3019 5036 oblatam
3064 4971 3388 5036 scribendi
3434 4973 3858 5048 occasionem,
3905 4970 4448 5056 quemadmodum
4494 4988 4570 5042 et

1046 5102 1366 5168 hactenus
1430 5106 1647 5171 facere
1710 5108 2036 5188 consuevi,
2091 5109 2414 5182 omittere,
2478 5126 2692 5191 neque
2753 5106 2986 5169 nuntio
3052 5114 3127 5170 ut
3185 5113 3252 5170 te
3297 5106 3748 5190 alloqueretur
3799 5127 4025 5168 ansam
4068 5126 4198 5167 non
4243 5102 4564 5190 praebere.

1046 5235 1285 5321 Itaque
1342 5238 1398 5301 si
1451 5237 1609 5322 quid
1664 5238 1747 5301 ad
1803 5259 1905 5302 me
1965 5238 2371 5323 perscribere
2431 5238 2617 5312 velis,
2670 5237 3064 5303 tabellarius
3117 5239 3244 5303 iste
3299 5240 3472 5302 bona
3516 5238 3643 5303 fide
3690 5259 3830 5303 sese
3877 5237 3959 5301 ad
4003 5258 4106 5301 me
4152 5235 4566 5319 perlaturum

1046 5368 1417 5454 pollicetur.
1508 5369 1699 5445 Quod
1759 5377 2083 5457 praeterea
2142 5369 2505 5455 significem
2550 5371 2717 5435 nihil
2773 5378 2892 5453 est,
2939 5372 3305 5455 praesertim
3351 5393 3495 5434 cum
3542 5392 3658 5456 per
3701 5370 3780 5434 D.
3822 5368 4224 5433 Henrichum
4269 5366 4565 5431 Pantha-

1044 5505 1299 5570 leonem
1356 5507 1579 5592 (quem
1636 5505 1762 5569 tibi
1815 5525 1994 5569 meas
2050 5503 2354 5569 attulisse
2407 5491 2546 5569 non*
2596 5504 2826 5570 dubito
2870 5504 3132 5589 literas)
3180 5512 3337 5569 tunc
3383 5507 3697 5590 temporis
3740 5505 3923 5581 satis,
3970 5523 4117 5588 quae
4161 5500 4564 5566 videbantur

3928 5639 4758 5732 -ῇ--Λ
