4914 6782
145 619 152 962 ἱ
2098 652 2176 714 13

147 970 153 1019 ζ
2070 902 2187 966 IV.

172 5355 177 5436 1

175 5553 187 5686 l

188 5693 527 5749 ΧΨ-

1041 1079 1432 1162 Nicolaus
1499 1076 2063 1158 Varnbiilerus
2128 1075 2556 1159 Bonifacio
2622 1077 3200 1161 Amerbachio.

1633 1264 1776 1331 (cod.
1814 1266 2079 1321 Basilicus.
2120 1269 2181 1321 G.
2218 1266 2260 1320 Ι.
2294 1269 2342 1321 9.
2376 1268 2461 1321 fol.
2503 1270 2605 1331 19.)

368 1416 773 1489 Clarissimo
850 1416 1359 1506 doctissimoque
1430 1415 1581 1485 viro
1631 1414 1695 1484 I.
1760 1413 1841 1485 U.
1892 1414 2184 1485 Doctori
2250 1414 2521 1486 domino
2587 1415 2957 1503 Bonifatio
3037 1417 3509 1507 Amerbachzb,
3584 1418 3887 1490 Patrono

1256 1585 1378 1635 suo
1432 1585 1514 1633 ac
1562 1562 1863 1633 Domino
1900 1569 2234 1654 perpetuo
2287 1564 2583 1635 colendo.
2668 1564 2989 1636 Basileoe.

1976 1736 2083 1751 M&

613 1829 680 1894 S.
730 1829 805 1892 P.
852 1828 1014 1894 Cum
1060 1829 1271 1914 plura,
1319 1828 1442 1892 Vir
1467 1828 1843 1909 clarissime,
1887 1829 1955 1892 in
2001 1829 2503 1912 praesentiarum
2546 1830 2672 1894 tibi
2703 1851 2834 1893 non
2865 1832 3106 1915 possim
3148 1833 3561 1916 respondere,
3608 1832 3730 1896 hoc
3759 1832 3888 1897 sal-

368 1970 503 2028 tem
547 1962 759 2028 scribo
792 2012 807 2044 ,
839 1961 1049 2027 filium
1095 1970 1284 2027 tuum
1329 1962 1649 2027 Basilium
1693 1962 1832 2026 fore
1875 1961 2034 2026 mihi
2080 1967 2147 2026 et
2200 1962 2654 2026 charissimum
2698 1970 2765 2028 et
2817 1958 3526 2028 commendatissimum
3568 1986 3700 2030 non
3745 1971 3887 2029 tan-

368 2105 507 2162 tum
554 2105 671 2163 tua
715 2096 1127 2161 authoritate
1173 2102 1240 2159 et
1264 2095 1506 2181 gratia,
1554 2117 1699 2179 quae
1731 2101 1832 2159 est
1875 2095 2053 2179 apud
2097 2116 2199 2158 me
2238 2096 2548 2176 maxumi,
2595 2096 2704 2159 sed
2742 2097 2944 2160 etiam
2976 2097 3058 2160 ob
3089 2118 3273 2161 suam
3305 2098 3640 2178 virtutem,
3691 2120 3887 2182 quam

368 2232 476 2297 vel
521 2232 641 2295 hoc
686 2232 874 2296 brevi
920 2232 1233 2317 temporis
1277 2230 1500 2315 spacio
1545 2230 1613 2292 in
1660 2250 1735 2292 eo
1782 2229 2039 2293 elucere
2085 2229 2572 2293 animadverti.
2607 2228 2816 2293 Vivet
2876 2250 3128 2293 mecum
3192 2231 3259 2293 in
3312 2252 3457 2294 meo
3515 2231 3764 2297 Musaeo
3817 2238 3888 2296 et

367 2387 596 2429 mensa
640 2385 787 2428 mea
820 2413 836 2446 ,
870 2371 938 2428 et
984 2362 1324 2447 intelliget
1367 2361 1646 2426 fortasse
1691 2383 1760 2425 re
1809 2369 1876 2426 et
1920 2362 2117 2426 factis
2162 2363 2323 2446 ipsis
2367 2384 2563 2447 quam
2613 2363 2884 2426 charum
2930 2384 3078 2426 eum
3117 2364 3236 2426 sim
3282 2363 3652 2428 habiturus.
3727 2365 3887 2429 Haec

371 2500 769 2564 festinanter
814 2504 882 2562 et
922 2520 1052 2562 non
1097 2498 1288 2582 plura
1321 2518 1336 2577 3
1369 2517 1514 2560 cras
1560 2497 1730 2559 enim
1770 2496 2075 2582 intelligo
2121 2497 2323 2559 alium
2369 2496 2672 2559 nuntium
2717 2516 2756 2558 a
2803 2496 3110 2581 Principe
3156 2505 3380 2561 nostro
3425 2497 3884 2563 Illustrissimo

368 2631 816 2718 ablegandum
866 2632 979 2715 qui
1027 2629 1202 2715 apud
1248 2652 1364 2693 vos
1408 2631 1495 2694 sit
1538 2630 1953 2708 transiturUS‚
2011 2631 2116 2693 cui
2162 2631 2398 2694 literas
2443 2629 2524 2692 ad
2573 2636 2638 2693 te
2687 2629 3024 2693 uberiores
3057 2629 3246 2693 dabo.
3323 2630 3464 2694 Hoc
3510 2631 3722 2695 solum
3768 2633 3887 2697 abs

368 2770 435 2828 te
483 2785 643 2849 rogo
680 2812 695 2845 ,
730 2769 804 2827 ut
845 2766 899 2827 si
947 2763 1194 2827 Basilio
1242 2768 1356 2826 tuo
1401 2762 1606 2828 libros
1653 2770 1720 2827 et
1758 2770 1981 2827 vestes
2026 2764 2291 2827 mittere
2337 2764 2804 2843 constitueris»,
2839 2766 3118 2849 patiaris
3158 2765 3432 2850 adiungi
3476 2767 3681 2831 libros
3724 2790 3883 2831 non-

370 2895 586 2959 nullos
632 2917 793 2980 quos
822 2894 905 2958 ab
938 2893 1305 2979 Isengrinio
1351 2895 1502 2959 aliis
1553 2895 1941 2979 quibusdam
1987 2895 2326 2980 discipulis
2371 2898 2550 2960 mitti
2593 2897 2948 2981 postulavi,
2998 2905 3072 2961 ut
3103 2900 3551 2964 communibus
3583 2902 3885 2985 expensis

377 3028 512 3092 huc
556 3028 1016 3113 perferantur.
1050 3027 1251 3091 Hisce
1296 3026 1461 3092 bene
1507 3029 1678 3110 vale,
1725 3029 1827 3092 vir
1873 3030 2230 3094 clarissime
2276 3037 2345 3093 et
2392 3031 2552 3094 mihi
2578 3040 2898 3116 perpetuo
2946 3032 3343 3098 charissime.
3387 3034 3755 3120 Thiibingae
3803 3034 3882 3097 27

372 3160 710 3245 Septemb.
758 3160 954 3244 idque
1000 3161 1262 3245 raptim.
1351 3160 1533 3226 Celio
1580 3163 1933 3227 rescribam
1980 3185 2141 3228 cras,

2231 3296 2410 3360 Tuus
2454 3300 2837 3365 Nicolaus
2882 3301 3467 3367 Varnbiilerus.

2236 3549 2355 3560 f---*.fr

2096 3807 2178 3872 V.

1250 3980 1719 4064 Bonifacius
1784 3983 2380 4066 Amerbachius
2446 3983 2759 4067 Basilio
2823 3984 3015 4069 filio.

1666 4170 1808 4237 (Cod.
1845 4171 2114 4225 BasilienS.
2185 4169 2246 4223 G.
2287 4171 2324 4223 Ι.
2364 4173 2441 4225 16.
2479 4173 2565 4225 fol.
2605 4173 2672 4232 1.)

380 4318 652 4388 Basilio
703 4317 1180 4406 Amerbachio,
1232 4318 1391 4388 luri
1447 4317 1646 4389 Civili
1699 4317 2017 4407 Tubinyoe
2071 4341 2344 4408 operam
2393 4320 2696 4407 navanti,
2752 4320 2895 4409 filio
2966 4320 3385 4391 charissime-0.
3503 4323 3592 4392 In
3642 4321 3895 4393 cedibus

1369 4468 1733 4538 clarissimi
1786 4467 2041 4537 domi-ni
2091 4466 2369 4537 Nicolai
2436 4467 2909 4539 Varenbuleri.

2032 4647 2167 4660 ’’’’’
2171 4647 2229 4660 N

625 4742 689 4808 S.
738 4743 813 4807 P.
900 4744 1108 4808 Basili
1149 4743 1244 4806 fili
1292 4744 1669 4808 charissime
1704 4745 1988 4807 ‚biteris
2033 4745 2167 4808 tuis
2211 4744 2587 4826 Euangelia
2632 4744 2859 4826 debe0‚
2907 4750 2974 4807 te
3005 4744 3176 4807 istuc
3206 4744 3465 4806 salvum
3496 4745 3750 4807 venisse
3782 4743 3890 4806 ad-

377 4878 865 4942 nunciantibus.
956 4878 1291 4941 Praeterea
1335 4898 1464 4940 non
1509 4879 1721 4941 minus
1763 4877 2118 4941 iucundum
2177 4883 2293 4950 est,
2352 4884 2417 4940 te
2476 4899 2515 4940 a
2569 4876 2828 4940 domino
2874 4874 3291 4939 Varnbulero
3335 4883 3471 4938 tam
3519 4875 3894 4938 humaniter

375 5012 445 5073 in
490 5032 671 5074 suam
730 5010 987 5076 domum
1043 5018 1400 5097 receptum,
1460 5013 1667 5077 adhoc
1724 5012 2083 5077 Fuchsium
2145 5033 2328 5074 suam
2388 5031 2654 5095 operam
2698 5011 2820 5074 tibi
2866 5009 3183 5074 obtulisse
3221 5029 3302 5072 ex
3346 5008 3577 5072 iisdem
3622 5029 3899 5093 cognos-

377 5165 544 5208 cere.
630 5146 885 5209 Praesta
932 5167 1172 5230 quaem,
1217 5145 1316 5209 fili
1358 5148 1468 5224 mi,
1515 5148 1657 5210 vita
1698 5169 1947 5211 morum
1995 5153 2063 5209 et
2108 5143 2509 5229 obsequendi
2557 5145 2891 5207 suavitate
2934 5143 3412 5227 facilitateque,
3470 5148 3546 5205 ut
3598 5141 3896 5225 plerique

379 5300 641 5342 causam
686 5279 978 5344 habeant
1023 5286 1091 5343 et
1136 5282 1235 5343 tui
1280 5281 1543 5344 amandi
1589 5285 1658 5342 et
1699 5281 1860 5344 mihi
1905 5281 1983 5344 de
2029 5279 2152 5343 tali
2197 5278 2334 5340 filio
2381 5275 2906 5362 congratulandi.
2996 5275 3309 5359 Inprimis
3353 5296 3508 5338 vero
3564 5274 3898 5337 dominum

379 5412 868 5478 Varnbulerum
934 5421 1409 5500 praeceptorem
1472 5421 1661 5478 tuum
1734 5421 2049 5499 tanquam
2116 5412 2354 5476 mentis
2398 5417 2738 5495 parentem
2786 5432 2915 5474 non
2980 5410 3194 5472 minus
3240 5430 3433 5493 quam
3478 5409 3623 5493 ipsa
3668 5407 3891 5471 studia

377 5565 679 5611 reverere
727 5553 794 5610 et
840 5568 1007 5610 ama.
1069 5546 1177 5610 Ad
1202 5546 1343 5611 haec
1388 5548 1598 5612 nevel
1631 5547 1917 5612 eiusdem
1951 5548 2138 5610 uxori
2190 5546 2295 5609 vel
2340 5545 2612 5609 familiae
2646 5567 2905 5629 quoquo
2957 5542 3145 5606 modo
3198 5543 3547 5627 negocium
3591 5541 3880 5605 facessas

4085 1780 4090 1809 -,
4085 1560 4090 1761 -,--
4082 1170 4090 1547 -—-oe-————-...—
4085 1102 4088 1157 —-
