4914 6782
202 502 3573 537 Γ-ᾲῌῇῄμῄᾘῌ--ῄῲ-
3587 500 4056 531 -Τῂκχ

4085 892 4091 924 Ι

636 1605 878 1740 Cum
957 1679 1054 1732 ea
1131 1650 1237 1731 sit
1307 1647 1615 1756 ingenii
1686 1647 2018 1727 humani
2092 1647 2211 1728 vis
2286 1656 2527 1753 atque
2600 1657 2892 1728 natura
2967 1657 3053 1728 ut
3116 1648 3183 1728 si
3252 1647 3443 1754 quid
3508 1648 3635 1729 vel
3703 1676 3896 1731 casu

380 1828 647 1935 aliquo
691 1825 823 1907 vel
865 1834 1177 1905 naturae
1224 1821 1572 1929 quadam
1622 1819 2110 1900 necessitate
2142 1821 2221 1900 in
2259 1819 2522 1901 lucem
2565 1819 2969 1929 prodierit
3021 1819 3236 1925 quod
3289 1820 3392 1899 ad
3437 1821 3627 1901 vitae
3676 1848 3892 1902 com-

380 1998 622 2079 moda
687 1996 1064 2106 augenda
1129 2004 1209 2075 et
1266 1993 1370 2074 ad
1438 2019 1943 2073 communem
1994 1994 2317 2100 generis
2362 1993 2697 2074 humani
2744 1992 3172 2074 utilitatem
3223 1993 3891 2101 promovendam,

380 2196 649 2249 mores
730 2164 1311 2268 emendandos,
1403 2163 1716 2243 animos
1792 2162 2287 2271 formandoS,
2354 2165 2684 2273 ingenia
2745 2164 3131 2273 polienda
3195 2167 3561 2275 apprime
3629 2164 3896 2247 facere

380 2340 783 2445 videatur,
869 2365 1029 2418 non
1113 2350 1285 2417 tam
1364 2337 1445 2416 in
1525 2334 1921 2444 praeclare
1997 2335 2346 2415 inventis
2428 2334 2599 2415 fere
2677 2337 3166 2443 acquiescat,
3249 2337 3396 2417 sed
3487 2335 3898 2417 indefesso

4081 928 4104 2633 -—.—-.-—————————--———————·—-—·-

383 2540 638 2620 usque
724 2512 991 2594 studio
1071 2511 1465 2592 terminos
1551 2536 1825 2589 eorum
1890 2508 2844 2617 propagetabditosque
2910 2508 3336 2590 thesauros
3403 2538 3562 2590 non
3631 2508 3902 2589 eliciat

386 2685 632 2765 modo
703 2710 979 2764 omnes
1046 2695 1127 2763 et
1192 2681 1526 2763 effodiat
1592 2680 1736 2760 sed
1804 2680 1968 2759 suis
2033 2679 2288 2788 ipsius
2356 2678 2684 2760 dotibus
2751 2678 3123 2786 cumulet,
3189 2680 3348 2761 1100
3402 2683 3666 2791 ipsum
3712 2694 3904 2791 post

389 2867 673 2938 renata
751 2855 1206 2936 litterarum
1295 2853 1565 2935 studia
1644 2881 1792 2933 usu
1871 2853 2195 2932 venisse
2271 2860 2395 2931 est
2467 2848 2835 2959 profecto
2913 2878 3053 2931 cur
3136 2853 3600 2934 universum
3686 2884 3899 2935 mor-

388 3028 663 3127 talium
730 3053 984 3135 genus
1050 3025 1205 3105 sibi
1269 3023 1743 3133 gratuletur.
1874 3021 2076 3103 Cum
2146 3022 2359 3101 enim
2420 3020 2792 3102 ludorum
2856 3021 3438 3104 litterariorum
3506 3036 3672 3107 tum
3728 3030 3900 3108 uni-

385 3199 866 3279 versitatum
931 3224 1109 3303 quae
1175 3197 1291 3277 ita
1356 3194 1730 3275 dicuntur
1792 3192 2063 3273 laetam
2128 3193 2616 3299 beatamque
2682 3204 3045 3302 segetem
3107 3222 3211 3275 ex
3265 3194 3405 3277 illa
3447 3206 3900 3307 temporum

382 3369 1055 3480 ingeniorumque
1138 3367 1602 3449 conditione
1668 3363 2105 3475 pullulasse
2169 3365 2380 3447 inter
2445 3393 2729 3447 omnes
2810 3373 3132 3447 constat
3205 3367 3342 3475 qui
3415 3369 3902 3477 optimarum

388 3543 680 3624 artium
745 3571 906 3624 non
970 3540 1210 3650 plane
1279 3550 1465 3621 sunt
1526 3537 1936 3619 incuriosi.
2069 3535 2271 3636 Quae
2334 3563 2577 3642 quum
2620 3537 2738 3618 ita
2782 3538 2967 3644 sint,
3038 3548 3668 3621 consentaneum
3725 3569 3904 3623 esse

384 3715 706 3796 videtur
793 3724 882 3794 ut
967 3742 1122 3821 quo
1208 3712 1377 3794 fere
1457 3709 1780 3794 vinculo
1870 3708 2380 3790 consociatos
2460 3708 2829 3791 videmus
2916 3709 3287 3793 homines
3373 3713 3636 3795 eidem
3714 3716 3904 3796 vitae

387 3885 998 3992 studiorumque
1075 3886 1356 3993 generi
1434 3884 1833 3990 addictos,
1923 3880 2080 3960 hoc
2154 3880 2420 3989 ipsum
2499 3880 2711 3961 inter
2774 3881 3236 3963 mortalium
3305 3883 3649 3994 collegia
3715 3914 3902 3967 con-

388 4262 567 4316 sese
650 4230 1099 4338 obligatum
1186 4229 1836 4336 obstrictumque
1915 4229 2217 4308 sentiat
2297 4226 2566 4308 tristia
2643 4226 2838 4308 laeta
2913 4228 3313 4308 sociorum
3393 4228 3682 4309 eodem
3749 4258 3904 4337 quo

386 4063 824 4168 sortiaque,
896 4054 1176 4164 quales
1242 4066 1427 4137 sunt
1470 4057 2072 4161 universitateS,
2125 4053 2620 4135 intercedat:
2688 4055 2845 4137 hoc
2890 4056 3070 4137 dico
3116 4055 3523 4137 vinculum
3569 4085 3725 4164 quo
3772 4062 3908 4167 qui

388 4575 790 4658 secundis.
941 4575 1204 4686 Igitur
1281 4573 1722 4655 Basiliensi
1816 4600 2134 4682 quoque
2217 4585 2613 4684 quotquot
2698 4574 3092 4684 adscripti
3173 4584 3357 4655 sunt
3437 4572 3907 4655 Academiae

391 4747 769 4831 doctores
855 4775 1133 4829 eorum
1220 4747 1614 4830 accedere
1694 4747 1969 4856 choro,
2062 4748 2198 4853 qui
2272 4757 2570 4829 vestrae
2635 4748 3150 4829 universitati
3211 4776 3361 4857 per
3424 4757 3548 4829 tot
3614 4748 3911 4829 saecula

387 4948 823 5027 rerumque
890 4921 1361 5002 discrimina
1421 4916 1687 5000 fausta
1749 4917 2071 5000 fortuna
2136 4930 2486 5001 servatae
2533 4928 2778 5026 atque
2823 4920 2906 4999 in
2960 4917 3439 4999 saeculorum
3488 4920 3910 4999 circuitum

387 5090 842 5174 futurorum
922 5090 1343 5172 servandae
1423 5118 1574 5199 per
1653 5089 1947 5173 horum
2029 5091 2338 5173 dierum
2415 5091 2976 5174 solemnitates
3053 5090 3244 5171 laeta
3321 5118 3658 5198 quaeque
3721 5119 3909 5199 pre-

394 5273 674 5344 centur
748 5272 991 5371 atque
1067 5264 1486 5372 accinant,
1570 5275 1746 5344 tam
1811 5272 1936 5346 est
2000 5292 2315 5371 aequum
2382 5291 2625 5371 quam
2716 5264 2931 5371 quod
3015 5263 3590 5370 aequissimum.
3719 5260 3777 5342 J
3782 5290 3912 5342 am

175 3190 179 3243 ι

172 4353 181 4708 δ
386 4406 542 4515 ipsi
629 4405 898 4484 animo
980 4399 1216 4512 ferat,
1316 4411 1403 4483 ut
1486 4401 1851 4482 adversis
1926 4398 2251 4482 scilicet
2328 4402 2571 4482 rebus
2656 4399 3203 4508 condolescat,
3304 4402 3908 4510 congratuletur

178 5337 192 5700 l
395 5459 639 5539 quum
700 5459 878 5514 mos
944 5433 1311 5515 obtineat
1373 5433 1604 5540 isque
1672 5432 2183 5516 dulcissimus
2246 5434 2460 5515 inter
2523 5432 2938 5541 mortales,
3007 5442 3095 5514 ut
3159 5461 3396 5540 quem
3455 5434 3627 5514 sive
3680 5431 3908 5514 fami-

614 5751 1433 5757 -—-—-„——————
1465 5751 1577 5757 .—
1602 5752 1615 5757 -
1644 5752 1691 5758 -,,
2066 5752 2071 5757 ,
2344 5752 2357 5758 -
3459 5752 3482 5757 -
3594 5752 3612 5757 -
3641 5748 3745 5758 ,--...
3841 5752 3886 5757 ,-
3939 5748 4052 5756 -κ
