4914 6782
196 572 203 920 1
2128 619 2198 678 11

409 841 581 922 quod
629 840 705 903 de
749 841 1058 905 instituto
1106 848 1221 904 tuo
1269 840 1541 905 consilio
1589 840 1842 933 scribis,
1889 862 2016 925 quo
2061 840 2272 904 fliium
2326 847 2516 905 tuum
2570 841 2835 903 unicum
2892 840 2975 904 ad
3021 863 3139 905 nos
3182 842 3446 907 mittere
3493 843 3924 925 constituisti,

198 932 205 1265 ἱ

196 2204 202 2429 3

195 2498 200 2671 ε

407 978 568 1058 puto
614 972 912 1037 sufficere
956 995 1153 1036 unam
1197 973 1383 1038 illam
1428 995 1691 1039 causam
1737 974 1995 1039 consilii
2033 975 2349 1056 mutandi,
2396 974 2570 1059 quod
2628 974 3018 1040 Sichardum
3075 976 3375 1039 columen
3431 981 3500 1040 et
3557 974 3755 1039 decus
3798 977 3925 1040 rei-

408 1103 692 1189 publicae
737 1111 977 1169 nostrae
1021 1105 1435 1170 scholasticae
1480 1107 1834 1187 amisimus,
1881 1128 2009 1191 quo
2053 1127 2184 1172 non
2229 1107 2425 1171 aliter
2468 1106 2903 1189 Gymnasium
2949 1111 3243 1170 nostrum
3291 1128 3487 1191 quam
3528 1109 3682 1171 olim
3713 1117 3924 1174 morte

404 1236 690 1320 Camylli
734 1237 870 1301 Res
895 1238 1166 1321 publica
1187 1238 1485 1302 Romana
1523 1242 1814 1303 castrata
1847 1259 1984 1302 esse
2028 1238 2356 1302 videatur.
2404 1238 2679 1323 Alioqui
2726 1259 2878 1302 aere
2911 1239 3160 1303 utimur
3188 1241 3439 1305 salubri
3472 1248 3541 1305 et
3569 1243 3923 1324 commodO,

406 1370 593 1434 cuius
635 1372 733 1434 rei
773 1378 1237 1456 argumentum
1282 1371 1409 1436 tibi
1455 1394 1594 1437 esse
1661 1379 1900 1459 potest,
1969 1371 2140 1456 quod
2208 1373 2363 1436 aula
2429 1374 2743 1459 principis
2804 1375 3013 1437 nostri
3060 1376 3369 1438 universa
3412 1397 3544 1438 una
3591 1396 3734 1439 cum
3783 1376 3926 1439 eius

404 1505 684 1590 coniuge
730 1512 799 1569 et
841 1505 1071 1570 liberis
1116 1506 1221 1569 hic
1261 1506 1512 1592 degant
1541 1556 1556 1572 .
1589 1506 1866 1571 Interim
1907 1514 2130 1571 tamen
2170 1508 2480 1592 regnavit
2524 1507 2630 1570 hic
2679 1528 2796 1592 per
2838 1508 3032 1572 hosce
3065 1508 3475 1572 caniculares
3514 1508 3922 1593 aliquamdiu

403 1637 803 1722 dysenteria,
848 1660 995 1723 quae
1041 1640 1241 1704 etiam
1286 1641 1533 1704 multos
1576 1640 1884 1705 sustulit.
1910 1638 2043 1704 Sed
2091 1661 2169 1703 ea
2213 1642 2343 1704 iam
2388 1640 2587 1704 desiit
2630 1641 2879 1716 saevire,
2929 1647 3006 1705 ut
3034 1642 3161 1705 nisi
3195 1642 3374 1704 aliud
3421 1643 3670 1706 malum
3708 1643 3926 1728 (cuius

404 1772 788 1856 dysenteria
832 1773 967 1838 fere
1012 1758 1421 1859 πρόὸρομος
1469 1795 1611 1839 esse
1657 1774 1858 1860 solet)
1906 1782 2239 1858 sequatur,
2288 1781 2553 1838 utamur
2597 1780 2665 1837 et
2710 1775 2890 1838 usuri
2936 1775 3137 1838 simus
3180 1776 3288 1838 hic
3331 1776 3655 1861 singulari
3702 1784 3769 1840 et
3814 1799 3924 1862 op-

404 1912 550 1970 tata
616 1913 758 1970 tum
822 1908 1206 1971 amoenitate
1265 1914 1405 1971 tum
1460 1907 1878 1988 salubritate,
1938 1930 2065 1991 quo
2130 1909 2388 1972 nomine
2451 1909 2651 1971 etiam
2708 1909 2883 1994 apud
2945 1930 3063 1973 nos
3116 1909 3341 1992 haeret,
3412 1916 3485 1973 ut
3525 1910 3682 1993 dixi,
3741 1913 3925 1976 Aula

404 2042 722 2125 principis
765 2049 832 2106 et
875 2042 1220 2105 consilium
1266 2043 1661 2105 universum.
1750 2041 1994 2105 Schola
2037 2048 2266 2105 nostra
2311 2048 2413 2105 est
2456 2048 2593 2104 tam
2625 2041 2930 2125 frequens
2976 2042 3177 2105 etiam
3209 2063 3404 2126 quam
3434 2042 3565 2106 fuit
3610 2049 3753 2107 toto
3799 2044 3922 2108 hoc

404 2176 714 2239 octennio
761 2198 889 2260 quo
920 2176 1027 2239 hic
1051 2176 1189 2239 vixi
1224 2225 1238 2239 .
1275 2175 1486 2249 Quam
1519 2176 1976 2284 frequentiam,
2024 2182 2099 2238 ut
2129 2197 2357 2239 verum
2388 2176 2733 2255 fateamur,
2767 2175 3126 2243 Sichardus
3156 2177 3485 2261 praecipue
3520 2179 3924 2243 sustentavit

410 2316 479 2372 et
521 2310 710 2373 auxit
743 2363 755 2375 .
789 2310 1038 2393 Utique
1084 2309 1327 2373 scholae
1357 2317 1599 2373 nostrae
1625 2309 1797 2372 alius
1842 2308 2229 2392 quaerendus
2274 2316 2376 2372 est
2421 2308 2807 2381 Sichardus;
2843 2315 3002 2393 puto
3038 2310 3208 2372 enim
3233 2331 3360 2372 non
3390 2310 3585 2374 facile
3631 2332 3748 2375 nos
3770 2333 3920 2374 neo-

400 2442 679 2527 phytum
727 2443 1220 2524 conducturum,
1267 2443 1378 2507 sed
1424 2466 1551 2528 quo
1598 2443 1680 2509 ad
1727 2410 1866 2527 ejus
1911 2442 2052 2507 fieri
2097 2447 2318 2527 potest
2360 2441 2888 2505 Iureconsultum
2943 2442 3229 2525 aliquem
3291 2441 3540 2504 clarum
3586 2449 3656 2506 et
3713 2450 3921 2506 matu-

399 2596 544 2637 rum
591 2576 1010 2659 quaesituros,
1059 2596 1189 2659 qua
1231 2576 1299 2638 in
1344 2597 1414 2639 re
1461 2584 1526 2640 te
1572 2598 1734 2661 rogo
1781 2582 1849 2640 et
1895 2597 2007 2639 oro
2058 2582 2327 2660 propter
2370 2576 2702 2660 publicam
2750 2576 3114 2639 utilitatem
3150 2581 3216 2638 et
3262 2578 3632 2639 communia
3677 2578 3917 2659 studia,

405 2714 479 2771 ut
520 2709 575 2798 si
623 2730 815 2792 quem
861 2710 1048 2791 sciaS,
1109 2708 1192 2772 ad
1246 2731 1361 2773 nos
1423 2710 1728 2795 expensis
1771 2709 2012 2773 scholae
2072 2714 2311 2772 nostrae
2366 2709 2472 2772 vel
2518 2709 2678 2771 mihi
2734 2709 2996 2793 proprie
3043 2708 3444 2792 perscriba83
3503 2716 3691 2772 tuum
3744 2712 3916 2774 enim

404 2841 747 2904 consilium
792 2847 860 2905 et
901 2841 1272 2904 authoritas
1317 2841 1552 2903 merito
1613 2840 1785 2924 apud
1833 2863 1952 2904 nos
2006 2840 2231 2903 futura
2292 2848 2393 2903 est
2444 2842 2759 2903 momenti
2811 2840 3079 2903 maximi
3122 2890 3138 2919 ,
3181 2840 3343 2903 Tuae
3396 2843 3709 2925 petitioni
3762 2864 3917 2907 vero

407 2975 819 3038 amicissimae
871 2975 990 3038 hoc
1014 2974 1377 3059 respondeo
1412 3023 1428 3037 .
1463 2975 1535 3039 Si
1582 2976 1841 3037 omnino
1886 2973 2093 3037 filium
2139 2982 2325 3037 tuum
2377 2973 2461 3036 ad
2505 2996 2625 3037 nos
2676 2975 2990 3038 missurus
3038 2974 3146 3054 siS,
3206 2995 3364 3037 eum·
3403 2995 3503 3038 me
3552 2975 3707 3059 (etsi
3753 2976 3920 3040 alios

396 3112 834 3174 recusaverim
881 3111 1276 3195 complures)
1325 3114 1440 3173 tuo
1486 3112 1746 3173 nomine
1793 3117 2249 3194 suscepturum
2293 3108 2579 3172 libenter
2637 3115 2706 3172 et
2773 3109 3097 3193 tantisper
3153 3108 3222 3171 in
3266 3130 3411 3172 mea
3456 3131 3680 3173 mensa
3727 3108 3915 3172 domo

396 3254 464 3308 et
507 3266 750 3308 musaeo
796 3250 1342 3321 sustentaturum,
1388 3245 1540 3308 dum
1588 3245 2091 3308 commodiorem
2133 3244 2459 3328 hospitem
2506 3244 2931 3307 nanciscatur
2963 3290 2977 3306 .
3013 3243 3163 3307 Non
3213 3242 3442 3307 dubito
3491 3245 3662 3307 enim
3707 3244 3915 3307 filium

395 3385 580 3443 tuum
627 3387 910 3464 paterna
953 3378 1205 3443 virtute
1252 3379 1351 3443 ita
1397 3400 1536 3442 esse
1579 3378 1981 3459 institutum,
2031 3383 2104 3441 ut
2147 3378 2324 3462 patri
2369 3399 2565 3461 quam
2612 3376 2988 3441 simillimus
3017 3375 3154 3457 fiat,
3202 3376 3322 3440 hoc
3368 3384 3469 3441 est
3513 3377 3663 3463 pius
3708 3376 3916 3442 bonus

397 3523 465 3576 et
510 3513 744 3577 doctus
790 3511 1051 3578 evadat.
1142 3513 1407 3576 Literas
1454 3519 1606 3575 tuas
1650 3514 1733 3575 ad
1777 3510 2167 3576 Sichardum
2214 3511 2496 3595 scriptas
2543 3509 2692 3573 dedi
2748 3510 3001 3574 doctori
3049 3509 3332 3594 Gaspari
3376 3510 3736 3574 V-ollandio
3785 3511 3917 3575 col-

394 3647 565 3732 legae
589 3655 833 3729 nosti-0,
895 3669 1085 3732 quem
1136 3645 1497 3711 Sichardus
1545 3636 1796 3709 dilexit
1827 3646 2040 3725 unice,
2089 3666 2282 3729 quem
2320 3645 2522 3707 etiam
2570 3650 2986 3706 executorem
3042 3644 3425 3707 testamenti
3470 3645 3569 3707 sui
3619 3666 3759 3709 esse
3804 3667 3914 3708 vo-

394 3777 704 3862 luit‚⁴qui
753 3799 863 3841 eas
908 3777 1294 3862 resignavit,
1353 3782 1421 3840 et
1461 3777 1618 3861 quia
1662 3777 1823 3840 nihil
1870 3776 2051 3840 aliud
2097 3777 2525 3840 continebant
2570 3798 2765 3861 quam
2799 3776 2971 3861 quod
3004 3777 3085 3840 ad
3118 3798 3219 3840 me
3250 3779 3622 3863 scripseras,
3651 3779 3918 3863 putavit

398 3911 533 3973 alio
577 3932 889 3995 responso
933 3931 1062 3972 non
1110 3929 1250 3972 esse
1299 3929 1462 3992 opus
1493 3957 1507 3972 .
1541 3908 1686 3992 Ego
1730 3909 1798 3971 in
1847 3911 2344 3993 praesentiarum
2390 3909 2473 3973 ob
2539 3909 3034 3973 festinationem
3091 3919 3159 3973 et
3213 3909 3502 3974 dolorem
3548 3909 3744 3995 plura
3782 3933 3913 3974 non

395 4068 655 4131 possum
700 4045 984 4109 scribere
1018 4093 1032 4107 .
1065 4044 1186 4123 Tu,
1235 4044 1338 4105 vir
1382 4042 1942 4126 praestantissime,
1990 4041 2129 4104 haec
2172 4063 2288 4126 pro
2333 4050 2451 4104 tua
2496 4041 2910 4105 humanitate
2959 4047 3027 4105 et
3070 4042 3322 4104 virtute
3366 4040 3523 4104 boni
3571 4042 3911 4122 consules,

401 4189 469 4243 et
512 4199 614 4242 me
659 4177 786 4241 tibi
829 4185 1151 4262 perpetuo
1199 4174 1721 4238 commendatum
1766 4174 2014 4238 habeas
2057 4197 2246 4261 rog03
2301 4197 2423 4261 ego
2465 4176 2773 4256 vicissim,
2820 4181 2896 4238 ut
2925 4177 3081 4256 dixi,
3128 4176 3198 4238 in
3228 4180 3550 4261 perpetuo
3583 4155 3651 4239 te
3684 4176 3914 4258 colam,

395 4320 464 4376 et
505 4313 572 4375 in
616 4318 732 4375 tuo
777 4311 1036 4374 nomine
1083 4331 1224 4374 sum
1267 4308 1529 4372 futurus
1561 4358 1575 4372 .
1608 4307 1798 4373 Vale.
1844 4308 2270 4373 Festinanter
2306 4308 2677 4393 Thubingae
2719 4309 2760 4370 4
2802 4307 2869 4371 id
2905 4356 2918 4370 .
2951 4307 3286 4393 Septemb.
3332 4329 3502 4371 anno
3539 4308 3677 4373 Sal.
3729 4309 3912 4376 1552.

2599 4441 2753 4505 Tibi
2800 4441 3249 4505 deditissimus

2519 4578 2616 4642 N.
2680 4576 3305 4643 Varenbulerus.

1956 4700 2201 4715 xW.·-‘-.⁴·s.t
2235 4701 2351 4716 su'u'd‘

2074 4798 2203 4863 ΙΙΙ.

1239 4931 1598 5013 Basilius
1663 4931 2258 5013 Amerbachius
2324 4930 2749 5012 Bonifacio
2815 4930 3058 5038 patri.

1668 5095 1808 5156 (Cod.
1845 5095 2108 5150 Basilicus.
2150 5094 2211 5147 G.
2249 5094 2290 5148 I.
2324 5095 2368 5150 8.
2408 5094 2491 5148 fol.
2535 5094 2609 5160 1.)

391 5220 801 5290 Docti-§simo
834 5218 984 5289 viro
1010 5217 1310 5288 Domi-no
1348 5215 1707 5302 Bonifatio
1758 5216 2212 5288 Amerbachio
2251 5216 2473 5306 loqu-m
2501 5215 2782 5303 doctori,
2806 5213 3092 5305 parenti
3128 5212 3547 5284 charissimo.
3587 5211 3911 5282 Basileoe.

572 5377 640 5443 S.
688 5376 1082 5443 Charissime
1129 5382 1323 5461 pater
1356 5425 1371 5440 .
1404 5375 1751 5460 Vigesima
1781 5382 2021 5460 quarta
2063 5376 2259 5440 huius
2288 5378 2528 5442 mensis
2558 5376 2663 5439 die
2695 5374 3069 5459 Tubingam
3112 5375 3422 5440 foeliciter
3451 5374 3749 5460 perveni,
3795 5372 3912 5435 ubi

192 5437 204 5663 ι
392 5508 432 5549 a
477 5484 741 5550 doctore
787 5484 1204 5549 Varnbulero
1248 5483 1624 5547 humaniter
1667 5504 1808 5547 sum
1853 5491 2203 5568 acceptus;
2246 5483 2495 5548 Doctor
2559 5505 2818 5568 quoque
2884 5482 3210 5546 Fuchsius
3268 5482 3428 5544 mihi
3473 5500 3729 5544 omnem
3772 5478 3911 5563 pol-

216 5679 610 5713 Q—
658 5707 1007 5714 ,-——,—,
1037 5703 1521 5712 *-

3689 5679 4078 5706 ——d‘

4125 922 4132 998 Ι
