4914 6782
2048 702 2131 767 49

312 883 729 969 expedierim.
819 885 1116 972 Scripsit,
1180 888 1251 950 ni
1314 886 1527 963 fallor,
1590 883 1919 947 Aemilius
1976 884 2291 949 Ferretus
2345 890 2702 949 tractatum
2770 886 2846 950 de
2914 885 3120 966 Mora,
3189 884 3489 949 libellum
3549 908 3829 972 parvum

306 1017 622 1103 Lugduni
665 1038 1007 1098 excusum3
1055 1039 1203 1082 eum
1248 1017 1555 1102 quoniam
1587 1015 1693 1080 hic
1738 1016 1913 1103 apud
1940 1016 2352 1103 Bibliopolas
2379 1020 2669 1104 reperire
2701 982 2826 1083 non
2860 1040 3144 1105 possum,
3192 1040 3338 1083 cum
3370 1040 3446 1082 eo
3474 1020 3827 1105 indigeam,

306 1172 548 1235 quaeso,
596 1152 971 1221 charissime
1008 1151 1240 1231 Pater,
1273 1150 1425 1214 huic
1456 1150 1705 1225 nuntio,
1760 1150 1874 1234 qui
1905 1157 2357 1236 suscepturum
2403 1173 2472 1216 se
2519 1174 2664 1216 eum
2708 1154 3059 1239 promittit,
3104 1152 3351 1217 tradas.
3437 1152 3630 1234 Vale,
3678 1152 3828 1217 cha-

302 1284 555 1348 rissime
603 1285 823 1366 Pater,
872 1304 1223 1370 omnesque
1269 1304 1412 1347 meo
1459 1284 1718 1348 nomine
1764 1283 2006 1349 saluta.
2095 1257 2366 1369 Raptim
2411 1283 2780 1369 Thubingae
2823 1283 3090 1375 &Maii
3133 1285 3328 1347 Anno
3377 1283 3557 1350 1553.

2460 1417 2643 1480 Tuus
2686 1416 3260 1480 obedientissimus
3306 1414 3480 1480 filius

2473 1554 2821 1618 Basilius
2867 1552 3468 1618 Amerbachius.

502 1686 759 1752 (Redditae
795 1686 876 1740 die
912 1686 1090 1741 Martii
1125 1692 1244 1739 ante
1280 1684 1644 1739 Ascensionem
1680 1684 1870 1738 domini
1905 1686 1997 1739 AO.
2031 1686 2135 1739 533

1906 2144 2109 2207 XXX
2119 2143 2211 2209 11.

1169 2309 1638 2393 Bonifacius
1704 2310 2299 2392 Amerbachius
2366 2311 2681 2394 Basilio
2746 2312 2937 2395 filio.

1494 2473 1630 2539 (Cod.
1666 2474 1932 2528 Basiliens.
1970 2474 2032 2526 G.
2067 2472 2133 2526 11.
2176 2474 2250 2526 14.
2287 2472 2376 2526 fol.
2416 2473 2551 2535 188.)

794 2621 1064 2692 Basilio
1116 2618 1593 2707 Amet-bachio,
1644 2618 1834 2688 Iuris
1883 2617 2202 2705 studiose,
2262 2616 2601 2708 Tubinyoe,
2656 2618 2799 2707 filio
2854 2618 3010 2688 bene
3064 2618 3326 2689 dilecte.

549 2896 615 2962 S.
661 2897 737 2960 P.
825 2896 1075 2960 Literis
1125 2894 1486 2959 identidem
1548 2895 1684 2959 suis
1742 2902 2108 2979 praeceptor
2161 2900 2333 2974 tuus,
2384 2893 2606 2965 Basili,
2652 2899 2717 2957 te
2766 2915 2806 2956 a
2848 2894 3009 2958 vitae
3054 2893 3402 2958 honestate
3449 2901 3517 2958 et
3560 2894 3816 2977 studiis,

296 3034 362 3097 in
405 3032 650 3118 quibus
701 3032 1012 3096 foeliciter
1054 3028 1518 3116 progrediaris,
1572 3026 1912 3113 praedicat.
1998 3024 2391 3089 Novissimis
2450 3032 2674 3089 autem
2721 3032 2788 3089 te
2833 3025 3197 3089 studiorum
3245 3031 3506 3090 tuorum
3553 3028 3822 3113 publica·

299 3165 497 3228 etiam
555 3163 1003 3249 disputatione
1060 3162 1390 3247 specimen
1445 3159 1822 3244 propediem
1870 3160 2219 3224 aediturum
2278 3178 2415 3221 esse
2485 3157 2865 3221 adnunciat.
2975 3158 3196 3222 Macte
3265 3159 3537 3224 virtute.
3647 3161 3813 3225 Mihi

290 3298 559 3382 quidem
612 3296 752 3361 haec
812 3296 1047 3360 auditu
1113 3300 1267 3360 sunt
1323 3294 1745 3379 gratissima;
1806 3292 1916 3357 sed
1973 3293 2198 3357 futura
2254 3291 2449 3376 longe
2496 3291 2813 3375 gratiora,
2860 3291 2914 3355 si
2961 3290 3187 3356 eodem
3234 3298 3460 3356 tenore
3508 3299 3577 3357 et
3622 3315 3812 3358 cursu

290 3433 387 3494 tui
438 3430 673 3495 similis
718 3451 856 3495 esse
903 3429 1287 3516 perrexeris.
1376 3427 1517 3491 Nec
1563 3427 1735 3490 enim
1780 3427 1919 3490 ulla
1965 3426 2340 3491 reverentia
2384 3432 2503 3489 aut
2545 3427 2791 3489 maiore
2838 3425 3050 3489 officio
3094 3425 3270 3490 filius
3312 3403 3666 3491 Parentem
3713 3427 3814 3491 de—

295 3566 526 3629 mereri
571 3570 776 3650 potes,
820 3564 1042 3650 gentis
1085 3583 1248 3627 meae
1297 3561 1617 3626 columen.
1702 3557 1982 3624 Aemilii
2025 3560 2317 3624 Ferretti
2361 3558 2665 3623 libellum
2709 3558 2786 3622 de
2831 3580 3032 3639 mora,
3080 3560 3181 3623 uti
3228 3561 3536 3645 petieras,
3595 3561 3809 3641 mitto,

291 3700 605 3762 missurus
651 3704 720 3762 et
764 3698 918 3773 alia,
962 3717 1369 3783 qnaecunque
1411 3697 1546 3760 tuis
1588 3692 1829 3759 studiis
1873 3690 2292 3757 accommoda
2324 3689 2821 3775 significaveris.
2907 3690 3256 3776 Isingrimo
3288 3713 3497 3776 nuper
3526 3680 3812 3754 Franco-

293 3831 505 3894 fordia
548 3852 809 3896 reverso
878 3836 946 3895 et
992 3829 1501 3915 chirographum
1548 3828 1838 3912 quinque
1887 3847 2233 3890 aureorum
2279 3825 2583 3890 offerenti
2647 3826 2960 3890 satisfeci.
3055 3826 3386 3891 Praeterea
3441 3825 3650 3890 eidem
3698 3825 3812 3889 flo-

291 3986 484 4028 renos
543 3963 914 4049 quindecim
973 3969 1042 4028 et
1094 3963 1444 4027 bacciones
1499 3961 1722 4025 decem
1771 3959 2195 4045 praeceptoris
2248 3959 2349 4022 tui
2392 3959 2651 4022 nomine
2698 3958 2885 4023 solvi.
2971 3959 3142 4022 Nam
3189 3967 3264 4024 ut
3310 3980 3450 4023 eam
3497 3981 3812 4024 summam

291 4097 631 4173 solverem,
676 4097 1102 4183 praeceptoris
1147 4097 1249 4160 tui
1295 4094 1805 4180 chirographum
1851 4100 1992 4157 tum
2038 4094 2237 4157 etiam
2282 4092 2577 4157 oblatum
2625 4093 2763 4157 sive
2811 4094 3178 4158 exhibitum
3212 4093 3451 4158 effecit.
3515 4093 3593 4157 Id
3641 4093 3811 4179 quod

292 4228 414 4292 tibi
472 4249 730 4313 quoque
782 4228 1020 4310 indicO,
1073 4235 1150 4292 ut
1207 4227 1581 4292 rationibus
1630 4227 1928 4312 pecuniae
1985 4228 2376 4312 praeceptori
2424 4226 2599 4291 datae
2656 4227 2895 4291 inferre
2960 4227 3186 4313 possis.
3287 4227 3648 4292 Gribaldus
3692 4227 3810 4292 sub

290 4361 667 4443 Augustum
718 4362 847 4425 huc
898 4363 1141 4426 veniet.
1229 4362 1482 4446 Accepi
1538 4359 1776 4423 nudius
1834 4360 2072 4423 tertius
2125 4381 2163 4422 a
2218 4359 2574 4424 Francisco
2619 4359 2914 4438 Alciat0,
2976 4359 3265 4424 Andreae
3324 4360 3583 4425 haerede
3631 4367 3700 4425 et
3743 4362 3806 4424 in

290 4493 637 4578 profitendi
694 4516 960 4559 munere
1021 4516 1413 4576 successore,
1470 4494 1702 4559 literas
1751 4494 1916 4558 bene
1974 4493 2254 4558 disertas
2310 4500 2377 4559 et
2430 4494 2559 4557 mei
2617 4494 3138 4564 amantissimas:
3203 4499 3276 4557 ut
3319 4494 3414 4557 sic
3462 4495 3800 4579 optionem

289 4625 533 4690 habeas
576 4626 1029 4712 proficiscendi
1072 4628 1426 4692 Patavium
1470 4633 1590 4691 aut
1632 4627 1929 4713 Papiam.
2019 4626 2265 4691 Verum
2311 4627 2390 4692 de
2435 4629 2538 4693 his
2583 4627 2713 4691 alio
2760 4633 3054 4712 tempore
3086 4626 3297 4712 plura.
3388 4626 3580 4691 Nunc
3628 4628 3800 4691 enim

290 4761 603 4845 temporis
682 4763 995 4847 angustia
1049 4761 1400 4843 excludor,
1470 4767 1540 4826 et
1598 4761 1855 4825 balneis
1909 4783 2173 4846 operam
2230 4761 2414 4826 danti
2477 4762 2645 4825 nihil
2703 4763 2916 4825 minus
2983 4783 3177 4847 quam
3241 4760 3526 4825 scribere
3591 4767 3807 4824 vacat.

293 4890 470 4955 Bene
515 4891 687 4970 vale,
729 4891 827 4956 fili
873 4892 1266 4958 charissime.
1352 4893 1575 4958 Pridie
1622 4894 2044 4958 Ascensionis
2092 4894 2354 4958 domini.
2430 4895 2514 4960 X.
2557 4895 2739 4960 Maii.
2802 4896 2997 4958 Anno
3047 4895 3225 4961 1553.
3314 4892 3554 4959 Omnes
3599 4894 3806 4957 nostri

294 5024 522 5088 valent
567 5031 635 5089 et
678 5031 745 5088 te
792 5025 1016 5089 valere
1064 5026 1458 5091 desiderant.
1548 5027 1619 5092 Si
1667 5050 1795 5112 qua
1840 5031 2120 5113 pecunia
2167 5027 2552 5113 indigueris,
2610 5026 3040 5113 bibliopolam
3101 5027 3468 5093 Conradum
3533 5027 3657 5091 tibi
3704 5028 3808 5091 ad-

292 5153 586 5218 futurum
630 5157 792 5221 mihi
838 5159 1402 5244 persuasissimum
1449 5161 1678 5226 habeo,
1745 5163 1916 5227 Vide
1958 5170 2033 5226 ut
2062 5163 2333 5226 honeste
2366 5161 2695 5225 vestiaris.
2756 5160 2897 5225 Iam
2930 5162 3149 5245 sepius
3181 5159 3430 5244 scripsi.
3479 5166 3546 5224 et
3577 5169 3807 5246 repeto

292 5306 393 5349 me
439 5308 565 5350 non
611 5289 825 5352 minus
871 5289 1094 5354 sordes
1137 5312 1330 5373 quam
1380 5292 1608 5356 luxum
1653 5294 1885 5359 odisse.
1975 5293 2149 5359 Cura
2194 5292 2663 5373 valetudinem,
2709 5295 2798 5355 mi
2842 5291 2959 5356 fili.

2013 5428 2474 5491 Bonifacius
2523 5428 3124 5505 Amerbachius,
3181 5427 3420 5490 Parens
3465 5435 3636 5490 tuus.

1808 5641 1873 5654 νυ·
1879 5641 1903 5654 ‘⁴
1908 5640 2145 5655 faeaefffstoe
2150 5641 2213 5654 svs&
2218 5641 2269 5654 (³st
2274 5641 2297 5654 d*

3602 5684 3634 5745 7

2769 5796 3587 5805 ———————-——.
