4914 6782
214 582 223 937 1
2165 645 2206 707 5

426 854 699 964 posita
780 864 1012 937 erant
1090 853 1385 960 studia,
1454 853 1654 938 satis
1720 853 1996 935 tenuia
2078 851 2220 935 illa
2301 853 2629 960 quidem
2715 862 2797 935 et
2873 862 2962 935 ut
3033 853 3150 936 ita
3223 854 3489 937 dicam
3571 857 3657 937 in
3723 859 3947 941 cunis

210 5230 218 5350 Ι

4145 954 4152 1039 1

428 1027 867 1136 vagientia‚
963 1035 1278 1109 tantum
1361 1025 1605 1107 hodie
1689 1024 2169 1108 incrementi
2249 1018 2666 1135 ceperunt,
2760 1035 2990 1109 tanto
3078 1055 3359 1110 auram
3438 1032 3781 1139 strepitu
3869 1054 3948 1113 et

430 1201 782 1285 clamore
864 1199 1230 1310 implent,
1317 1197 1552 1282 facile
1636 1209 1726 1280 ut
1806 1197 2410 1281 animadvertas
2484 1199 2566 1279 in
2643 1228 2731 1281 re
2812 1199 3133 1308 publica
3206 1199 3572 1284 litterata
3641 1203 3943 1312 princi-

426 1385 707 1483 patum
788 1373 893 1454 ad
976 1372 1115 1454 illa
1192 1371 1544 1453 delatum
1626 1398 1832 1453 esse.
1984 1369 2224 1472 Quod
2296 1368 2541 1481 longe
2617 1370 2807 1453 olim
2884 1400 3118 1454 secus
3194 1372 3368 1455 fuit.
3496 1373 3674 1456 Nec
3746 1403 3944 1457 vero

424 1546 824 1628 rationem
887 1545 1151 1654 ipsam
1217 1542 1665 1651 ponderum
1721 1542 2474 1650 momentorumque
2532 1543 2822 1651 quibus
2865 1554 3058 1626 tunc
3102 1544 3423 1653 singula
3466 1546 3945 1628 eruditionis

425 1743 731 1825 genera
802 1715 1417 1798 aestimabantur
1490 1741 1824 1824 prorsus
1890 1712 2136 1795 fuisse
2200 1714 2711 1796 immutatam
2776 1725 2945 1796 tam
3012 1727 3136 1798 est
3202 1716 3639 1799 dolendum
3703 1745 3945 1825 quam

424 1917 669 1970 unum
750 1887 1155 1998 quoddam
1241 1886 1797 1995 qualecunque
1871 1914 2126 1995 genus
2202 1887 2284 1966 in
2348 1885 2765 1968 hominum
2833 1888 3434 1970 existimatione
3498 1918 3743 1999 posse
3813 1919 3942 1973 ce-

426 2062 624 2143 teris
707 2062 1182 2171 praevalere.
1313 2060 1412 2143 In
1480 2061 1777 2143 litteris
1859 2059 2075 2140 enim
2157 2085 2334 2165 quae
2410 2067 2634 2140 recte
2711 2059 2828 2140 ita
2905 2058 3276 2139 dicuntur
3351 2058 3568 2141 nulla
3631 2061 3947 2143 obtinet

423 2235 822 2344 graduum
907 2234 1348 2315 distinctio.
1481 2231 1660 2334 Quo
1736 2231 1827 2314 fit
1902 2241 1989 2312 ut
2064 2231 2200 2337 qui
2264 2241 2574 2312 naturae
2640 2259 2936 2312 arcana
3001 2241 3407 2314 scrutatur
3469 2262 3634 2314 non
3698 2233 3941 2316 subli-

423 2406 677 2487 miore
740 2404 879 2487 ille
946 2404 1274 2512 quidem
1335 2404 1515 2486 loco
1580 2404 2004 2514 ponendus
2088 2405 2194 2484 sit
2274 2431 2513 2511 quam
2579 2405 2714 2509 qui
2786 2405 2868 2485 in
2953 2406 3369 2487 hominum
3459 2436 3590 2489 res
3664 2417 3941 2514 gestas

423 2604 692 2659 mores
770 2573 1135 2681 loquelas
1200 2574 1581 2681 inquirat,
1651 2575 1796 2656 sed
1859 2603 2194 2685 prorsus
2260 2576 2572 2658 eodem.

664 2748 937 2855 Atque
1002 2747 1210 2829 adeo
1273 2747 1561 2854 negari
1623 2748 1908 2855 nequit
1968 2749 2051 2829 in
2116 2776 2385 2829 rerum
2447 2749 2934 2832 naturalium
3000 2751 3267 2834 studio
3336 2752 3641 2859 aliquid
3682 2752 3940 2836 latere

422 2919 759 3030 periculi
824 2919 1041 3027 quod
1106 2946 1262 3025 quo
1329 2946 1668 3026 quaeque
1736 2920 2167 3030 disciplina
2229 2922 2492 3029 magis
2561 2949 2739 3002 cum
2801 2923 2992 3030 vitae
3060 2922 3504 3003 communis
3569 2922 3937 3006 utilitati-

423 3093 573 3175 bus
641 3104 765 3175 est
830 3094 1283 3202 conjuncta,
1357 3121 1452 3174 eo
1520 3094 1657 3200 qui
1718 3092 1943 3175 illam
2007 3092 2520 3202 disciplinam
2566 3102 2898 3175 exercet
2944 3106 3179 3176 cavet
3224 3092 3653 3177 difficilius.
3737 3095 3936 3178 Ete-
4136 3080 4141 3183 Ι

420 3266 582 3346 nim
660 3264 872 3373 quod
938 3292 1150 3346 nunc
1216 3274 1342 3345 est
1408 3262 1793 3345 saeculum
1857 3293 2018 3346 non
2083 3266 2341 3374 magis
2406 3265 2732 3347 virtutis
2798 3292 3222 3373 rerumque
3283 3294 3477 3348 vere
3544 3276 3935 3375 expeten-

423 3440 706 3522 darum
793 3466 1031 3546 quam
1092 3436 1295 3519 lucri
1380 3464 1813 3544 earumque
1899 3464 2168 3518 rerum
2252 3436 2560 3544 regitur
2643 3437 2912 3518 studio
2991 3462 3186 3542 quas
3261 3437 3404 3518 vix
3468 3464 3564 3519 ac
3630 3466 3729 3519 ne
3797 3438 3939 3519 vix

418 3611 745 3719 quidem
808 3624 1254 3707 ἀδιαφόρους
1309 3638 1599 3693 severa
1665 3610 2100 3716 antiquitas
2147 3610 2481 3690 censuit
2599 3606 2864 3709 Quam
2910 3635 3221 3688 morum
3267 3608 3934 3718 ingeniorumque

416 3782 1028 3867 inclinationem
1110 3794 1200 3865 ut
1280 3784 1423 3865 vix
1507 3783 1661 3864 erit
1745 3782 1875 3890 qui
1962 3782 2385 3864 doctorum
2469 3779 2706 3889 culpa
2780 3779 3078 3861 factam
3156 3808 3335 3862 esse
3417 3777 3733 3886 clamet,
3820 3783 3937 3865 ita

414 3958 700 4065 negari
775 3957 1051 4064 nequit
1124 3952 1318 4036 mali
1379 3953 1544 4037 late
1611 3954 2041 4062 serpentis,
2128 3952 2381 4036 veluti
2444 3954 2734 4061 morbi,
2826 3952 3291 4060 contagium
3358 3953 3602 4034 etiam
3668 3953 3773 4034 ad
3836 3953 3930 4035 il-

413 4125 675 4207 lorum
740 4127 1055 4209 animos
1119 4126 1641 4234 pertinuisse,
1725 4136 1814 4207 ut
1880 4153 2116 4233 quam
2182 4136 2393 4208 teste
2464 4124 2820 4208 Salustio
2887 4153 3127 4206 nemo
3193 4125 3521 4233 sapiens
3588 4153 3933 4233 unquam

417 4297 881 4406 concupivit
954 4295 1385 4407 pecuniam
1468 4298 1632 4379 iam
1707 4300 1790 4379 in
1866 4297 2294 4378 doctorum
2368 4297 2691 4403 quidem
2754 4298 3453 4404 litteratorumque
3517 4298 3932 4379 hominum

417 4479 632 4553 coetu
706 4498 871 4550 non
954 4469 1187 4578 pauci
1264 4469 1781 4578 reperiantur
1854 4471 1985 4576 qui
2059 4471 2394 4551 nimium
2472 4481 2853 4578 quantum
2933 4472 3536 4579 concupiscant.
3666 4468 3932 4551 Iidem

413 4669 647 4748 quum
726 4639 850 4720 sui
922 4638 1322 4747 purgandi
1400 4665 1646 4721 causa
1717 4637 1992 4720 saeculi
2055 4640 2468 4748 ingenium
2530 4642 3076 4750 praetendunt,
3154 4669 3315 4723 non
3384 4641 3745 4749 cogitare
3808 4640 3928 4719 vi-

416 4812 731 4917 dentur,
811 4813 940 4917 qui
1013 4812 1230 4892 intra
1307 4811 1700 4892 doctrinae
1779 4811 2171 4893 ambitum
2247 4812 2668 4895 elaborent
2745 4812 3186 4894 cultoribus
3278 4812 3523 4893 etiam
3616 4839 3930 4893 morum

414 4983 810 5066 culturam
882 4984 1259 5092 gnaviter
1334 5010 1513 5064 esse
1602 4983 2148 5065 exercendam
2223 4992 2303 5064 et
2374 4985 2760 5067 vitiorum
2831 4986 3156 5093 quidem
3241 4985 3553 5066 semina
3632 4980 3927 5063 exstir-

409 5155 705 5266 panda,
794 5156 1186 5237 virtutum
1264 5154 1726 5236 inserenda.
1862 5154 2028 5238 Sed
2109 5168 2198 5239 ut
2282 5159 2570 5241 redeat
2654 5160 2865 5241 unde
2956 5159 3329 5268 digressa
3422 5168 3546 5239 est
3637 5155 3925 5262 oratiO,
4129 4985 4137 5353 Ι

209 5325 1145 5772 Amerbachiorum
1216 5326 1452 5409 vobis
1523 5327 1967 5436 imaginem
2040 5342 2633 5439 repraesentare
2696 5333 2780 5413 in
2846 5334 3114 5414 animo
3183 5342 3331 5438 est,
3418 5331 3929 5413 duumvirum

415 5498 661 5579 animi
749 5499 1101 5580 candore
1185 5509 1265 5581 et
1352 5530 1666 5585 morum
1748 5501 2270 5611 simplicitate
2352 5531 2513 5582 non
2587 5503 2850 5583 minus
2929 5528 3165 5607 quam
3233 5501 3621 5583 doctrinae
3685 5496 3926 5580 laude
