4914 6782
142 672 149 771 )
2037 700 2120 763 45

137 838 145 1097 ἔ
321 897 614 961 volentia
669 896 942 960 inferior
1000 895 1531 981 deprehendaris.
1619 895 1719 960 De
1778 896 2184 981 profectione
2237 897 2568 961 Patavina
2628 896 3053 961 deliberabis.
3162 893 3333 960 Nam
3399 900 3660 959 tantum
3727 897 3838 961 ab·

321 1036 424 1095 est
479 1030 557 1093 ut
626 1027 995 1113 displiceat,
1062 1033 1140 1090 ut
1205 1048 1282 1091 ea
1348 1027 1551 1092 etiam
1618 1027 1778 1092 mihi
1842 1050 2090 1094 summe
2157 1029 2494 1115 probetur.
2583 1030 2889 1095 Proximo
2933 1029 3249 1115 Augusto
3304 1027 3667 1094 Gribaldus
3710 1029 3836 1094 huc

317 1160 580 1227 redibit.
668 1160 813 1225 Hoc
866 1159 1150 1245 amplius
1203 1159 1391 1241 addo,
1439 1161 1496 1225 si
1540 1166 1740 1225 antea
1794 1160 2085 1226 Galliam
2143 1162 2365 1227 videre
2420 1162 2682 1244 malles,
2736 1184 2853 1248 per
2910 1182 3014 1226 me
3074 1183 3204 1225 non
3257 1167 3432 1226 stare
3490 1160 3838 1245 quominus

316 1295 659 1382 Biturigas
703 1296 784 1360 ad
830 1295 1215 1359 Duarenum
1257 1295 1548 1376 mittare,
1597 1294 1723 1359 tibi
1768 1317 1884 1380 pro
1915 1296 2011 1381 pii
2041 1298 2468 1383 praeceptoris
2498 1296 2710 1360 officio
2740 1295 2981 1360 nullibi
3014 1295 3408 1361 defuturum.
3473 1294 3836 1361 Gribaldus

313 1435 541 1494 tamen
584 1427 711 1493 sibi
756 1448 1143 1514 persuasum
1187 1427 1392 1492 habet
1434 1434 1502 1492 te
1547 1427 1900 1492 Patavium
1946 1428 2028 1492 ad
2071 1450 2139 1494 se
2185 1430 2630 1515 profecturum
2677 1452 2837 1495 esse.
2926 1428 3184 1512 Omnia,
3226 1431 3317 1493 mi
3349 1430 3466 1512 fili,
3512 1434 3628 1493 tuo
3667 1428 3836 1492 arbi·

314 1562 465 1644 tric,
533 1563 651 1626 ubi
711 1584 865 1626 nam
923 1581 1186 1626 manere
1242 1567 1362 1625 aut
1413 1583 1541 1646 quo
1599 1562 1925 1647 proficisci
1980 1562 2165 1643 velis,
2219 1562 2541 1648 relinquo.
2619 1560 2860 1628 Omnes
2914 1563 3123 1626 nostri
3166 1566 3346 1627 recte
3386 1561 3610 1625 valent
3655 1565 3724 1625 et
3768 1565 3834 1624 te

312 1695 673 1782 plurimum
718 1675 978 1760 salvere
1021 1695 1275 1759 iubent.
1362 1694 1542 1758 Bene
1587 1694 1760 1759 vale.
1826 1695 2074 1759 Eadem
2118 1696 2256 1760 fere
2301 1696 2462 1760 hora
2510 1717 2640 1781 qua
2685 1700 2836 1760 tuas
2867 1717 2906 1759 a
2939 1695 3138 1760 Petro
3171 1694 3418 1778 accepi,
3464 1693 3552 1757 X.
3579 1692 3836 1778 Aprilis

311 1830 514 1892 Anno
559 1826 893 1892 MDLIII.
940 1828 1243 1893 Basileae.
1330 1828 1736 1914 Praeceptori
1780 1832 1896 1891 tuo
1928 1828 2277 1913 plurimam
2309 1849 2452 1893 meo
2483 1829 2745 1892 nomine
2787 1828 3093 1894 salutem.
3161 1826 3271 1891 Ad
3302 1825 3559 1892 Celium
3591 1826 3835 1890 curabo

309 1967 464 2026 tuas
508 1960 786 2046 perferri
830 1959 1081 2024 literas.
1142 1959 1570 2045 Praepropere

934 2088 939 2092 ’
2393 2096 2855 2162 Bonflacius
2902 2096 3504 2167 Amerbachius‚

2717 2247 2956 2312 parens
3000 2232 3172 2293 tuus.

584 2360 837 2425 (Redditae
878 2362 955 2415 14.
990 2361 1190 2430 Aprilis
1228 2363 1396 2423 1553)

1832 2675 2315 2691 Nw-vN-ssN--ae‘m

1947 3176 2277 3242 XXVIII.

1171 3343 1522 3428 Basilius
1589 3345 2184 3428 Amerbachius
2250 3342 2672 3428 Bonifacio
2738 3346 2976 3455 patri.

1591 3536 1733 3604 (Cod.
1771 3537 2038 3592 Basiliens.
2077 3536 2140 3591 G.
2175 3537 2218 3592 1.
2252 3539 2300 3593 8.
2335 3537 2421 3591 fol.
2460 3536 2562 3599 13.)

623 3679 1018 3753 Clarissimo
1068 3681 1218 3752 viro
1272 3680 1369 3752 D.
1423 3680 1782 3767 Bonifatio
1836 3681 2311 3770 A·merbachi0‚
2349 3683 2636 3774 parenti
2684 3681 3099 3753 charissimo.
3202 3680 3519 3752 Basileae.

1982 3861 2182 3877 &W

572 3981 639 4046 S.
728 3981 836 4045 Ad
881 3982 1268 4046 novissimas
1311 3988 1481 4063 tuas,
1530 3980 1925 4047 charissime
1970 3982 2191 4064 Pater,
2238 4002 2355 4066 per
2398 3982 2670 4046 Petrum
2716 3982 2960 4046 allatas
2990 3989 3133 4046 tum
3161 3982 3476 4067 temporis
3520 3988 3838 4065 quantum

299 4114 665 4180 semihorae
719 4113 1008 4198 spatium
1070 4113 1422 4199 suggessit,
1483 4135 1878 4199 quamquam
1934 4114 2224 4196 brevius,
2284 4136 2363 4179 ea
2406 4122 2630 4180 tamen
2674 4135 2822 4200 quae
2865 4115 3234 4179 necessaria
3277 4114 3698 4198 videbantur,
3744 4137 3841 4180 re-

297 4249 570 4335 scripsi,
628 4267 774 4331 quae
825 4246 978 4328 iam,
1039 4266 1121 4310 ne
1177 4251 1398 4310 actum
1457 4267 1656 4332 agere
1702 4253 1903 4332 atque
1951 4248 2227 4313 eandem
2283 4269 2543 4335 semper
2595 4250 2894 4315 occinere
2941 4249 3359 4331 cantilenam,
3409 4247 3581 4333 quod
3627 4247 3841 4312 veteri

299 4381 565 4445 dicitur
618 4380 989 4465 proverbi0,
1042 4380 1291 4462 videar,
1347 4402 1478 4443 non
1532 4385 1782 4465 repeto.
1869 4380 2084 4445 Venio
2139 4382 2349 4467 igitur
2393 4381 2476 4445 ad
2521 4381 2768 4446 alteras
2811 4381 3367 4445 Franckofortum
3411 4403 3529 4467 per
3571 4380 3840 4466 Isingri-

294 4515 498 4578 nium
538 4514 770 4579 missas
812 4514 1063 4590 literas,
1111 4535 1257 4599 quae
1302 4515 1464 4577 mihi
1509 4515 1824 4600 postridie
1869 4536 2064 4600 quam
2108 4520 2259 4580 tuas
2300 4537 2339 4579 a
2382 4516 2586 4581 Petro
2631 4536 3012 4601 acceperam
3058 4536 3098 4579 a
3142 4514 3635 4601 Vuolphgango
3679 4513 3843 4580 Con·

296 4646 473 4711 rado
526 4646 804 4712 redditae
848 4654 1021 4728 sunt,
1066 4647 1299 4712 literas
1341 4648 1410 4711 in
1458 4646 1697 4732 quibus
1740 4646 2155 4732 potissimum
2200 4668 2331 4730 qua
2372 4648 2632 4712 ratione
2679 4646 2761 4712 20
2802 4647 3162 4713 Coronatos
3192 4646 3435 4711 Ducali
3465 4645 3840 4712 Secretario

298 4780 722 4845 commiseris
764 4786 1032 4856 tractas
1079 4801 1223 4865 quae
1267 4779 1427 4844 mihi
1474 4780 1691 4844 omnia
1730 4799 1810 4844 ex
1855 4778 2183 4864 prioribus
2225 4779 2565 4864 incognita
2604 4801 2733 4843 non
2766 4787 2956 4844 erant
3002 4779 3237 4844 literis.
3323 4779 3495 4843 Nam
3547 4779 3616 4842 in
3665 4800 3843 4843 meos

296 4934 471 4978 usus
524 4934 669 4977 eam
713 4899 1167 4979 transmissam
1211 4914 1339 4978 huc
1385 4935 1525 4979 esse
1570 4912 1935 4998 pecuniam,
1977 4912 2149 4977 binae
2192 4917 2326 4975 tuae
2370 4917 2513 4977 tum
2559 4934 2678 4999 per
2721 4913 2801 4978 D.
2832 4913 3168 4996 Bechium,
3214 4919 3356 4978 tum
3395 4934 3512 4998 per
3541 4911 3622 4975 D.
3657 4909 3840 4976 Chri-

295 5045 703 5132 stophorum
759 5046 1041 5111 Hessum
1084 5033 1224 5111 'huc
1275 5047 1671 5111 transmissae
1731 5046 1978 5131 optime
2031 5045 2471 5113 declararunt.
2573 5048 2909 5112 Praeterea
2961 5052 3328 5134 praeceptor
3369 5066 3553 5113 meus
3594 5046 3666 5108 in
3708 5045 3843 5109 suis

295 5179 543 5244 literis
586 5183 655 5242 te
702 5177 780 5242 de
824 5178 908 5242 iis
949 5199 1033 5243 ne
1077 5177 1280 5242 verbo
1326 5177 1590 5263 quidem
1632 5180 2003 5245 meminisse
2045 5184 2328 5244 testatus
2372 5185 2491 5246 est.
2580 5179 2827 5243 Verum
2872 5179 3179 5263 quoniam
3222 5178 3302 5244 D.
3336 5177 3843 5264 Christophorus

295 5332 601 5397 puerum
658 5308 743 5374 ad
797 5310 876 5374 D.
920 5308 1271 5374 Nicolaum
1324 5311 1527 5392 misit,
1583 5313 1697 5395 qui
1739 5333 1809 5377 se
1853 5312 2096 5377 habere
2140 5313 2488 5397 pecuniam
2550 5317 2619 5377 et
2659 5314 2890 5377 literas
2935 5312 3017 5375 ad
3064 5331 3213 5376 eum
3255 5317 3634 5398 spectantes
3678 5335 3841 5376 nun·
4040 5315 4046 5368 ἰ

295 5448 549 5525 tiaret,
593 5445 778 5509 nolui
822 5450 973 5531 post
1016 5451 1318 5531 receptos
1362 5467 1659 5510 nummos
1702 5446 2016 5510 molestus
2047 5466 2205 5522 esse,
2249 5467 2332 5511 ne
2364 5450 2431 5510 in
2463 5444 2842 5510 diffidentiae
2874 5444 3175 5509 caderem
3214 5446 3661 5531 suspitionem,
3697 5467 3842 5511 cum

292 5581 687 5666 praesertim
743 5581 1037 5665 proxime
1093 5579 1350 5663 aliquot
1404 5578 1722 5645 Thaleros
1773 5584 1963 5664 (quos
2016 5578 2397 5664 bibliopolae
2452 5579 2536 5644 ob
2592 5579 2796 5643 libros
2850 5577 3343 5662 conglutinatos
3390 5584 3458 5642 et
3501 5599 3618 5663 pro
3666 5579 3839 5643 lecto
