4914 6782
317 581 321 585 “
2060 567 2140 631 41

301 764 611 831 faciendae
652 766 806 830 istic
847 766 1143 851 pecuniae
1187 766 1360 830 ratio
1408 763 1804 830 commodior
1844 764 2250 841 occurrebat,
2303 787 2500 850 quam
2557 771 2631 829 ut
2669 764 3092 844 Frobenium,
3136 762 3586 848 Episcopium,
3641 759 3817 829 Hen-

300 900 548 965 richum
594 899 869 964 Petrum
914 905 984 964 et
1028 899 1317 984 reliquos
1360 899 1877 985 interpellarem,
1921 902 2035 985 qui
2080 922 2303 965 omnes
2348 907 2419 965 et
2462 900 2730 987 singuli,
2779 898 3091 986 quicquid
3136 920 3176 962 a
3220 898 3324 962 sui
3367 897 3614 995 ordinis
3656 899 3820 963 viris

301 1033 622 1119 Tubingae
667 1034 1022 1119 agentibus
1065 1034 1420 1119 acceperis,
1464 1054 1651 1099 suam
1693 1032 1886 1098 fidem
1929 1036 2352 1121 interponere
2402 1044 2559 1101 sunt
2601 1037 2841 1122 parati.
2929 1034 3293 1122 Speciatim
3337 1054 3495 1098 vero
3543 1033 3816 1119 Isingri-

299 1169 442 1232 nius
484 1174 709 1233 noster
750 1168 1134 1234 mandatum
1175 1168 1381 1233 habet
1425 1168 1505 1232 de
1551 1167 1949 1252 alloquendo
1993 1169 2400 1255 Vulffgango
2448 1169 2746 1235 Conrado
2790 1168 3159 1254 bibliopola
3209 1174 3523 1249 vestrate,
3573 1172 3649 1230 ut
3691 1166 3820 1230 tibi

301 1305 806 1386 quantacunque
852 1288 1136 1388 pecunia
1181 1323 1344 1387 opus
1385 1300 1651 1383 habeaS‚
1700 1302 2072 1386 et‘quoties
2100 1303 2410 1383 volueris,
2457 1306 2731 1387 accepto
2764 1301 3241 1387 cheirographo
3274 1302 3485 1384 adsit3
3529 1300 3598 1365 id
3641 1302 3817 1387 quod

302 1456 367 1499 se
413 1441 796 1499 curaturum
839 1436 1115 1519 recepit.
1185 1433 1306 1500 Cui
1354 1441 1423 1498 et
1471 1434 1759 1519 quinque
1805 1456 2057 1517 aureos,
2106 1436 2344 1520 quibus
2387 1436 2467 1500 de
2512 1435 2763 1512 scribis,
2810 1434 3109 1499 exhibita
3148 1456 3346 1498 manu
3386 1441 3505 1499 tua
3548 1437 3814 1511 solvam,

301 1573 368 1632 et
410 1567 673 1632 debitor
704 1567 1091 1632 creditorem
1138 1568 1437 1653 protinus
1480 1567 1830 1635 dimittam.
1921 1566 2159 1643 Quare,
2206 1569 2435 1650 Basili,
2483 1575 2551 1633 te
2597 1590 2714 1654 pro
2762 1567 3022 1632 sordido
3067 1569 3136 1631 in
3179 1568 3365 1632 victu
3411 1568 3521 1632 vel
3567 1571 3816 1634 vestitu

299 1700 527 1764 haberi
585 1701 808 1780 nolim,
876 1700 990 1765 sed
1049 1722 1317 1766 auream
1374 1702 1595 1786 potius
1646 1701 2174 1768 mediocritatem
2230 1704 2545 1789 amplecti
2601 1702 2824 1768 velim.
2941 1701 3227 1786 Reliqua
3293 1703 3361 1765 in
3416 1702 3553 1766 tuis
3605 1701 3819 1765 literis

301 1834 614 1917 proximae
673 1833 973 1919 epistolae
1032 1834 1115 1897 ad
1169 1840 1236 1899 te
1293 1833 1654 1899 scribendae
1711 1841 2173 1921 argumentum
2229 1842 2592 1922 suggerent
2647 1836 3169 1921 prebebuntque.
3266 1835 3430 1899 Haec
3474 1835 3657 1898 volui
3702 1855 3821 1920 per

298 1966 700 2053 bibliopolas
753 1967 1243 2032 Francofordiae
1297 1988 1443 2031 cum
1505 1970 1745 2034 vestris
1789 1975 2073 2035 acturos.
2159 1969 2338 2034 Illud
2400 1976 2660 2034 tantum
2702 1970 2959 2051 addam,
3002 1969 3445 2034 Illustrissimi
3491 1968 3821 2052 Principis

303 2098 929 2185 Vuirtenbergensis
989 2107 1248 2165 statuta
1307 2102 1447 2165 sive
1499 2101 1687 2186 leges
1738 2122 1949 2187 nuper
2002 2101 2355 2187 evulgatas
2406 2123 2510 2165 me
2569 2100 2920 2187 accepisse.
3027 2100 3218 2176 Quod
3278 2109 3500 2165 autem
3547 2122 3693 2186 quae
3739 2101 3819 2163 de

300 2233 601 2314 saltibus,
648 2234 1129 2316 venationibuS,
1175 2235 1336 2300 item
1378 2234 1811 2299 matrimoniis
1841 2236 2085 2298 nemini
2118 2237 2583 2299 communicari
2615 2237 2921 2311 causaris,
2965 2257 3093 2300 non
3139 2241 3257 2317 est,
3303 2237 3394 2299 mi
3426 2234 3656 2317 Basili,
3703 2255 3819 2298 cur

300 2365 583 2432 labores·
672 2368 1194 2432 Matrimonialia
1238 2368 1449 2433 denuo
1495 2369 1812 2455 Princeps
1857 2369 2122 2434 evoluto
2167 2369 2544 2434 Novembre
2593 2370 2675 2434 ad
2720 2392 2836 2435 me·
2866 2372 3155 2452 miserat,
3215 2392 3332 2456 pro
3380 2377 3452 2434 ut
3496 2371 3564 2433 in
3609 2369 3820 2454 publi-

300 2518 445 2562 cum
493 2500 857 2565 emittenda
903 2501 1319 2573 videbantur,
1365 2523 1576 2565 meam
1623 2502 1834 2566 denuo
1878 2503 2219 2586 requirens
2261 2504 2679 2582 sententiam,
2729 2524 2923 2586 quam
2968 2503 3215 2587 scripto
3260 2524 3396 2566 suae
3428 2502 3819 2567 celsitudine

299 2636 555 2718 aperui.
644 2635 785 2701 Nec
832 2636 1062 2699 dubito
1106 2636 1267 2699 mihi
1313 2636 1590 2721 petenti,
1639 2655 1769 2718 qua
1813 2634 2136 2719 singulari
2180 2655 2342 2719 erga
2388 2656 2489 2698 me
2537 2642 2637 2698 est
2676 2634 3159 2715 benevolentia,
3205 2634 3371 2697 nihil
3419 2634 3822 2721 denegatum

298 2768 400 2835 iri.
448 2769 506 2832 si
550 2768 741 2831 modo
786 2791 904 2854 per
950 2776 1037 2850 te,
1086 2768 1243 2854 quid
1287 2769 1394 2833 vel
1439 2767 1559 2832 sub
1603 2767 1839 2831 incude
1884 2768 1989 2847 sit,
2037 2765 2144 2829 vel
2189 2766 2525 2851 publicum
2567 2767 2918 2850 acceperit,
2965 2766 3334 2832 admonear.
3421 2767 3603 2831 Bene
3652 2766 3818 2847 vale,

298 2899 513 2964 Basili
557 2900 653 2965 fili
700 2902 1099 2968 charissime.
1169 2900 1412 2966 Omnes
1454 2901 1666 2964 nostri
1710 2900 1788 2963 de
1833 2899 2088 2962 salvum
2121 2899 2356 2963 volunt
2399 2921 2478 2963 ac
2509 2901 2861 2985 plurimum
2893 2900 3152 2964 salvere
3196 2900 3447 2965 iubent.
3537 2899 3822 2965 Basileae

298 3031 532 3096 Lunae.
623 3034 720 3097 13.
771 3034 1000 3098 Martii
1054 3036 1253 3098 Anno
1307 3035 1632 3102 MDLIII.
1721 3039 1796 3102 P.
1844 3041 2080 3120 Perna,
2145 3059 2292 3124 quae
2345 3040 2414 3102 in
2469 3039 2783 3105 Cicerone
2840 3045 2955 3103 tuo
3013 3039 3580 3122 desiderabantur,
3626 3041 3820 3105 hodie

298 3169 619 3234 restituit.
724 3167 885 3233 Cum
940 3169 1057 3234 has
1110 3191 1317 3235 essem
1376 3171 1913 3256 complicaturuS,
1972 3195 2011 3236 a
2064 3174 2244 3237 Celio
2300 3171 2707 3236 commodum
2773 3172 2934 3235 mihi
2989 3171 3157 3236 dono
3214 3172 3604 3237 adferuntur
3666 3174 3820 3240 libri

298 3300 697 3364 selectarum
758 3302 1185 3387 epistolarum
1242 3311 1310 3367 et
1363 3305 1733 3368 orationum
1784 3307 1917 3369 iam
1976 3326 2205 3369 recens
2262 3304 2376 3369 καὶ
2435 3306 2574 3368 cisto
2634 3311 2758 3367 τῶν
2800 3304 3358 3385 κιιψαβευμάτων
3403 3306 3823 3391 prodeuntes,

299 3435 365 3498 in
414 3436 657 3521 quibus
702 3435 872 3500 binae
915 3437 1123 3521 ipsius
1168 3437 1251 3500 ad
1296 3444 1364 3502 te
1409 3438 1623 3502 literae
1672 3445 1741 3504 et
1783 3438 2059 3503 totidem
2099 3445 2232 3502 tuae
2278 3438 2360 3502 ad
2404 3439 2624 3523 ipsum
2668 3439 2895 3502 statim
2932 3459 2972 3500 a
3016 3438 3341 3524 principio
3372 3440 3696 3504 visuntur.
3744 3440 3822 3504 Id

301 3566 477 3651 quod
525 3577 591 3632 te
638 3571 804 3633 scire
849 3570 1052 3652 volui,
1101 3576 1176 3635 ut
1205 3570 1375 3635 bono
1420 3572 1563 3636 viro
1608 3573 1864 3657 gratias
1908 3592 2089 3656 agaS,
2134 3577 2249 3634 tuo
2295 3571 2541 3634 nomini
2570 3571 2822 3634 faventi
2856 3576 2924 3634 et
2955 3572 3484 3655 expectationem
3515 3594 3822 3658 magnam

301 3701 380 3765 de
414 3708 485 3766 te
518 3705 938 3789 concipienti,
977 3705 1083 3768 cui
1114 3706 1503 3770 satisfacere
1534 3706 1818 3770 curabis.
1887 3704 2367 3790 Praeceptorem
2398 3711 2586 3768 tuum
2618 3705 2781 3768 meis
2810 3704 3032 3770 verbis
3062 3712 3443 3769 reverenter
3474 3706 3819 3772 salutabis.

2384 3837 2845 3901 BonisacIus
2891 3839 3492 3914 Amerbachius‚

2703 3967 2955 4032 Parens
2999 3975 3172 4034 tuus.

438 4102 694 4167 (Redditae
726 4107 771 4158 4.
804 4106 968 4174 April.
1012 4105 1181 4173 1553.)

1807 4253 2007 4267 κΝΧΝἎΛΧ
2016 4253 2219 4267 ”-’-Ᾱ.“»Κ“»Χ
2236 4253 2275 4266 —Q

1932 4510 2196 4573 XXIV.

1184 4679 1529 4762 Basilius
1596 4678 2183 4760 Amerbachius
2249 4677 2673 4760 Bonifacio
2738 4676 2976 4784 patri.

1574 4869 1707 4934 (Coei
1748 4869 2014 4923 Basilicus.
2054 4869 2115 4921 G.
2152 4868 2188 4921 1.
2229 4868 2275 4921 8.
2311 4867 2398 4920 fol.
2438 4869 2540 4932 11.)

434 5013 827 5094 Clarissimo
886 5018 1359 5091 iurisconsulto
1410 5017 1508 5089 D.
1560 5016 1921 5102 Bonifatio
1973 5013 2449 5100 Amet-bachio,
2497 5012 2774 5104 parenti
2827 5011 3245 5082 olm-tissima
3347 5011 3668 5084 Basileoe.

560 5322 625 5391 S.
712 5323 859 5387 Etsi
914 5320 1361 5406 superioribus
1425 5318 1657 5393 diebus
1713 5337 1830 5402 per
1880 5316 2184 5378 nuntium
2243 5312 2676 5377 Basiliensem
2728 5311 3102 5396 plenissime
3156 5310 3457 5375 omnibus
3502 5309 3580 5373 de
3626 5309 3822 5373 rebus

305 5458 652 5521 certiorem
698 5466 766 5520 te
812 5456 1096 5532 fecerim,
1145 5453 1522 5519 charissime
1565 5458 1775 5536 pater,
1821 5455 2041 5512 tamen
2088 5466 2233 5509 cum
2277 5444 2346 5508 hi
2392 5443 2688 5509 Studiosi
2731 5441 3197 5528 Sangallenses
3249 5441 3333 5505 ad
3377 5462 3495 5505 vos
3537 5441 3823 5505 reditum

2596 5664 3600 5675 ————————————
